2870 4916
201 374 206 398 ⁸
269 364 312 444 80
376 359 481 444 §.d-'t
526 350 945 436 annom-minsa·-
963 351 1221 437 mim-ta
1412 3 1425 440 i

1417 444 1423 483 Ι

230 514 240 544 ³
269 535 394 602 moveri
415 497 542 616 nequit,
576 527 663 617 qood
691 525 744 594 bis
771 525 825 594 bio
851 525 1005 614 legium
1018 543 1132 594 vocent
1152 520 1259 600 utitis
1275 535 1327 610 (r.
1417 490 1423 595 i

272 647 325 708 10.
346 640 420 728 11),
443 638 534 700 cuius
556 635 731 700 auotoritas
748 632 820 696 iarn
838 635 945 718 magis
961 637 1131 722 magisque
1150 627 1330 700 evanescit.

354 744 425 812 Iam
447 763 545 842 supra
565 749 594 826 ς.
617 745 661 806 30
685 742 818 804 ineunte
840 739 995 806 lectorem
1014 740 1076 806 huc
1094 739 1330 826 relegavimus,

268 856 347 950 quia
372 854 414 919 ad
438 871 495 928 ea,
530 847 611 932 quae
638 842 688 910 ibi
704 843 745 908 de
767 843 938 923 traditione
960 843 1080 934 duplici
1100 846 1268 912 Eiobistae
1298 863 1332 912 et

227 1032 229 1038 ,
267 961 472 1034 tenovtstae,
501 945 802 1018 historiam-Iacchi
823 953 1039 1031 narrantium,
1072 951 1331 1039 suspicabamur,

267 1071 324 1140 bio
351 1060 508 1134 nonnulla
531 1071 606 1126 sunt
632 1044 789 1124 addenda.
832 1057 955 1124 Omnia
982 1059 1069 1124 enim
1097 1079 1181 1145 quae
1205 1061 1241 1126 iu
1269 1060 1332 1127 hac

267 1167 477 1267 paragrapho
496 1164 799 1252 comprehendimus
818 1167 942 1232 sicum
971 1163 1240 1258 subsequentibus
1259 1183 1331 1232 non

123 1275 129 1294 ‘
268 1286 379 1352 minus
396 1293 492 1364 quam
507 1291 580 1338 cum
597 1270 862 1343 antecedentibus
869 1275 1123 1363 compararetis,
1136 1271 1218 1336 baec
1233 1274 1332 1360 prod-

129 1469 135 1477 ,
270 1391 334 1460 ibit
357 1387 397 1454 de
424 1382 596 1447 traditione
617 1376 675 1444 iila
693 1377 815 1465 duplici
839 1379 1014 1456 sententio:
1032 1375 1244 1466 (Cootpilator
1262 1379 1331 1466 qui·

269 1501 347 1571 dem
368 1487 573 1556 modo'buno
600 1485 697 1550 inodo
719 1485 812 1552 illum
833 1486 984 1573 'sequitur
1006 1497 1168 1550 auctorem
1188 1488 1329 1573 origina-

270 1607 355 1674 rium
375 1602 410 1665 in
430 1596 567 1662 historia
579 1591 692 1674 Iacobi
707 1591 878 1658 nobiscum
898 1571 1180 1668 communicand'a5
1203 1595 1239 1658 in
1256 1597 1325 1658 uni-

271 1727 404 1777 versum
425 1715 533 1767 autem
555 1699 735 1784 ubicunque
757 1697 974 1764 narrationum
991 1697 1175 1763 uberiorem
1201 1722 1330 1768 consar-

272 1816 380 1890 vavit,
409 1811 516 1874 minus
537 1808 705 1890 copiosam
721 1817 759 1867 et
772 1804 893 1868 'eadem
915 1803 984 1867 fere
1004 1805 1180 1870 tradentem
1197 1827 1331 1892 oppres·

272 1925 328 1990 sit.
368 1917 423 1982 Ex
447 1915 490 1978 iis
519 1924 626 1975 autem
647 1926 738 1995 quae
763 1905 943 1974 memoratu
966 1905 1069 1995 digna
1099 1906 1211 1978 habuit
1225 1911 1331 1978 colii·

272 2045 352 2115 gere
371 2020 464 2099 iicet,
487 2017 690 2104 Eichistam,
712 2017 905 2102 quamquam
919 2014 1034 2082 ‘verbis
1056 2015 1257 2098 uberiorem,
1276 2041 1331 2084 re·

271 2139 336 2208 bus
364 2141 472 2195 tamen
501 2123 730 2212 simpliciorem
763 2124 868 2188 fuisso
905 2141 1000 2208 pram
1038 2121 1246 2188 Iebovistam.
1294 2121 1333 2188 In

271 2239 383 2330 speeie
403 2232 568 2301 Iehovista
588 2231 680 2296 solus
703 2213 879 2295 tradiderat
896 2228 1154 2296 benedictionem
1166 2241 1333 2317 paternam

273 2351 385 2420 bisara
408 2366 429 2408 a
449 2338 568 2409 Iacobo
597 2336 714 2404 callide
733 2350 914 2424 surreptam
935 2335 1027 2424 (cap.
1045 2338 1129 2423 27),
1152 2357 1217 2425 qua
1238 2338 1280 2401 de
1301 2359 1334 2402 rc

234 2447 246 2454 ’
272 2454 444 2526 Elohistae
466 2443 548 2513 nihil
574 2446 759 2523 innotuerat
786 2444 840 2528 (ei.
869 2461 930 2522 nos
959 2447 1054 2524 §.30
1075 2445 1116 2508 ad
1139 2443 1260 2513 Genes.
1279 2451 1332 2524 28,

273 2563 392 2646 1-9);
421 2554 588 2640 leboristu
607 2553 707 2637 igitur
728 2548 820 2615 solus
840 2548 1148 2638 Iacobumping'ere
1167 2555 1274 2639 potuit
1297 2554 1336 2617 de

272 2666 457 2739 ira¹irat1is
478 2662 611 2732 anxium
635 2658 726 2744 (cap.
739 2661 844 2738 ,aret
863 2663 918 2738 33,
943 2660 1094 2745 1-,-16).
1137 2654 1235 2746 Apud
1255 2657 1337 2722 Elo-

273 2777 398 2844 bistam
424 2789 503 2837 vero
523 2763 662 2831 Iacobus
691 2767 726 2828 in
747 2765 880 2830 fratrem
906 2762 993 2829 nthtt
1009 2767 1187 2844 cantabit,
1218 2766 1280 2830 sed
1302 2768 1335 2828 in

274 2877 547 2968 Mesopotamiam
570 2869 941 2958 tantumproficisoitur.
958 2871 1001 2944 ad
1021 2891 1158 2936 uxorem
1178 2871 1256 2940 iude
1275 2871 1336 2936 du·

149 2991 151 2994 ’
275 2990 414 3056 cendam
439 2983 524 3070 (sap.
544 2979 742 3066 28‚'1-9);
773 2977 858 3064 apud
884 2976 970 3042 hunc
988 2979 1089 3064 igitur
1109 2975 1248 3042 lacobus
1268 2999 1337 3040 non

276 3095 381 3163 mittit.
394 3090 521 3176 legates
540 3087 588 3170 ad,
602 3085 748 3164 fratrem,
776 3083 917 3150 Esav'us‘
932 3086 963 3149 ei
982 3083 1113 3150 obviam
1137 3105 1202 3148 non
1215 3101 1337 3170 proee-
1423 3117 1424 3134 1

275 3205 340 3282 dit,
360 3196 499 3263 Iacobus
520 3214 587 3258 nou
607 3193 782 3279 promittit,
804 3213 842 3256 se
864 3191 1004 3256 ad-eum
1024 3193 1060 3256 iu
1079 3193 1248 3276 regionem
1263 3187 1338 3253 Scir

50 3381 54 3390 ,
178 3389 181 3398 A
210 3366 212 3374 ,
243 3319 245 3326 “
276 3318 464 3384 venturum,
494 3319 618 3387 neque,
648 3317 722 3361 oum
742 3297 805 3363 boc
825 3318 892 3362 non
908 3297 1023 3376 faciat,
1045 3297 1178 3362 fratrem
1197 3296 1337 3381 decipit3
1423 3309 1424 3330 ¹

277 3413 338 3483 ssd
360 3405 633 3494 eMempotamia
647 3405 752 3468 redux
763 3402 915 3482 lacobus,
933 3423 993 3490 per
1009 3405 1177 3488 regionem
1193 3399 1338 3466 Siebemi
1423 3453 1424 3464 ,

276 3523 364 3608 (cap.
384 3523 439 3597 33,
465 3517 506 3580 tt
528 3533 597 3598 sqq·
619 3529 690 3596 sap.
711 3515 770 3592 34)
789 3521 821 3574 et
838 3507 948 3574 Beth·
960 3508 1031 3576 Elis
1053 3508 1181 3596 aliaque
1198 3504 1274 3572 loca
1293 3509 1337 3572 ad

276 3639 404 3718 patrem
424 3620 597 3697 contendit,
620 3615 705 3705 a'pud
725 3637 820 3703 quem
833 3615 983 3682 Esavum.
998 3618 1141 3693 invenit,
1163 3615 1259 3680 cuius
1274 3632 1338 3699 ope

276 3730 379 3822 paulo
399 3736 476 3818 post
495 3745 608 3791 senem
629 3734 788 3788 mortuum
808 3721 1029 3810 sepeliendum
1047 3734 1148 3788 curat,
1163 3720 1246 3805 (oap-
1268 3722 1338 3805 3⁵),

280 3853 314 3908 et
332 3849 401 3902 tum
427 3837 556 3900 demum
583 3830 713 3894 Esurus
738 3831 774 3894 iu
799 3831 966 3913 regionem
997 3827 1171 3894 seiritioam
1198 3845 1236 3891 se
1254 3843 1339 3890 oon·

278 3948 343 4014 fert
364 3943 516 4030 (captiti,
537 3941 661 4022 tisqq).
707 3931 864 4011 Quamvis
890 3945 998 3999 autern
1021 3929 1122 3997 multa
1150 3931 1236 4019 apud
1256 3930 1339 3998 Elo-

277 4053 399 4120 bistam
426 4050 493 4114 sint
519 4042 688 4124 breuiora,
726 4042 781 4110 bic
808 4055 916 4106 tamen
948 4037 1041 4104 solus
1069 4037 1203 4104 exbibet
1231 4037 1362 4102 histor

276 4160 360 4226 riam
379 4155 487 4222 Dinae
511 4150 642 4214 vitiatae
670 4155 757 4238 (cap.
777 4150 852 4235 ³4),
877 4155 1009 4233 propter
1034 4143 1208 4210 vindictam
1226 4161 1248 4206 a
1268 4141 1338 4206 ira-

276 4261 382 4334 tribus
408 4269 549 4332 summ
570 4265 699 4324 ,notatu
728 4254 978 4344 dignissim,
995 4249 1142 4342 :quacum
1158 4249 1216 4318 at
1235 4234 1337 4316 finem
1422 4243 1423 4254 ’
