2718 4914
257 363 318 424 roo
468 361 566 440 §.oa
615 353 765 421 oecos.
790 308 1101 463 tertiorum

253 530 351 609 luda,
373 526 410 594 ui
431 527 515 613 epod
530 524 718 590 ⁴Elolristom
734 524 823 590 solet
841 527 900 616 (cl.
920 549 1019 616 supra
1038 534 1069 610 ς.
1090 529 1158 614 37),
1184 547 1271 589 muru

254 639 394 706 oratoris
416 633 569 718 suseipit;
592 632 679 696 unde
701 646 786 698 recte
806 633 1008 722 colligimus,
1036 635 1117 700 haec
1135 634 1232 696 omnia
1247 630 1271 693 ab

254 757 384 810 auctore
418 741 563 818 narrari,
591 742 645 823 qui
673 741 822 805 diversus
843 740 926 806 sita
946 745 1102 829 scriptore
1122 741 1225 824 capitis
1240 743 1273 810 42,

253 853 308 919 hic
330 851 429 936 igitur
455 844 523 931 legi
542 843 712 910 Elolristae
737 847 952 912 traditionem.
993 846 1203 912 confirmatur
1220 843 1272 906 hec

256 958 416 1026 sententia
437 974 496 1040 per
515 951 622 1021 vorbo-
634 950 746 1030 Iudee,
767 955 924 1039 cupientis
945 957 1031 1040 putri
1048 952 1268 1040 persuaderet

255 1064 480 1131 Beniaminum
513 1056 578 1123 sibi
606 1059 712 1124 tradat
733 1061 768 1124 in
796 1057 979 1146 Aegyptum
1005 1059 1234 1134 deducendum,
1257 1065 1273 1114 e

255 1174 337 1238 haec
357 1166 514 1255 dicentis,
541 1184 573 1228 v.
593 1169 634 1230 92
666 1164 740 1251 Ego
768 1187 828 1252 pro
856 1186 898 1230 ec
924 1166 1024 1232 fidem
1045 1187 1153 1230 meam
1172 1165 1274 1248 despor-

255 1277 317 1347 deo
347 1279 362 1357 (
372 1285 492 1372 ²³37&
514 1275 624 1364 thilp),
653 1291 745 1336 ame
760 1285 796 1336 tu
816 1293 889 1338 eum
906 1277 1060 1360 repetito;
1089 1273 1155 1338 uisi
1173 1288 1236 1334 eum
1251 1265 1274 1327 al
1321 1259 1322 1270 ’

255 1399 288 1452 te
304 1383 466 1450 reduxero
488 1388 520 1442 ct
540 1379 574 1442 in
598 1389 654 1441 tuo
675 1391 849 1467 conspectu
870 1381 1085 1462 constitue103
1107 1376 1166 1442 tibi
1184 1395 1233 1461 por
1246 1373 1275 1434 o'·

255 1507 322 1560 tam
344 1505 473 1554 omnem
501 1479 617 1570 culpae
642 1466 725 1548 'reus
752 1505 820 1550 ero.
862 1484 981 1550 lisdem
1001 1487 1072 1552 iore
1093 1481 1199 1550 verbis
1218 1477 1276 1562 apul

255 1598 451 1666 lehovistam
482 1611 553 1679 cap.
571 1596 632 1669 42,
660 1593 703 1656 37
731 1587 890 1657 Rutenos
914 1613 975 1679 pro
997 1591 1186 1658 Beniamiuo
1210 1586 1275 1650 redo·
1322 1588 1323 1596 ’

255 1703 357 1771 oendo
377 1697 476 1775 fidem
495 1715 589 1761 suam
608 1696 806 1782 despondett
828 1702 1049 1786 maximopere
1074 1701 1172 1783 igitur
1191 1697 1225 1760 de
1237 1692 1276 1755 ho

255 1833 292 1876 re
318 1806 513 1873 dissentiunt
540 1803 606 1868 duo
635 1803 739 1867 nostri
769 1816 930 1870 auctores.
970 1801 1111 1870 lacobus
1140 1801 1188 1868 lois
1207 1799 1275 1864 ludeo

255 1912 428 2002 promissis
450 1909 573 1986 victus,
599 1911 725 1973 veniam
745 1909 812 1976 illis
832 1911 888 1976 dat
909 1909 1135 1975 Beniamiuum
1154 1909 1277 1974 deducer-
1323 1917 1324 1924 ³

256 2025 309 2101 di,
336 2021 474 2102 imperat
507 2027 542 2078 ut
570 2016 656 2084 oona
684 1995 796 2082 secum
827 2029 957 2081 omnent
981 2015 1127 2103 losepho
1153 2011 1275 2078 tredendo

256 2125 477 2214 duplicemque
499 2123 657 2208 pecuniae
680 2141 838 2186 summum
858 2121 912 2206 (cf.
933 2139 994 2187 rios
1014 2127 1043 2202 ἦ.
1064 2129 1109 2187 42
1130 2123 1170 2188 ad
1189 2117 1277 2183 Gener.

255 2239 317 2312 43,
340 2235 395 2311 12)
416 2241 448 2292 et
467 2250 500 2293 v.
524 2234 563 2292 14
585 2226 636 2292 his
660 2229 798 2313 denique
818 2227 928 2294 verbis
948 2226 1047 2294 finem
1068 2227 1148 2293 iacit
1165 2223 1276 2292 dicendi:
1324 2287 1325 2316 p

256 2339 350 2406 Deus
371 2337 577 2420 omnipotens
593 2332 731 2412 efficiat,
761 2344 798 2396 ut
814 2337 864 2400 vir
884 2333 941 2402 ille
961 2335 1181 2400 misericordie
1194 2333 1222 2395 in
1239 2343 1276 2390 roe
1324 2327 1325 2340 ¹

256 2455 443 2521 moveatur,
475 2450 507 2505 ct
528 2453 565 2504 ut
585 2442 698 2506 reddet
717 2439 813 2508 vobis
829 2441 982 2520 fratrem
1003 2441 1099 2506 illem
1119 2441 1243 2506 alteros
1257 2439 1276 2494 ei

255 2551 493 2620 Benieruinum.
550 2544 651 2612 Nulla
679 2569 699 2612 a
726 2545 806 2614 Iuda
833 2546 998 2614 Simeonis
1025 2550 1113 2636 apud
1138 2541 1273 2630 losephoo
1308 2628 1311 2639 .

257 2659 375 2747 captivi
392 2657 513 2718 tuentio
532 2674 631 2740 supra
650 2653 735 2719 lacta
756 2667 836 2734 erat,
858 2677 918 2720 nec
938 2666 1084 2742 poterat,
1107 2656 1178 2740 quia
1198 2645 1273 2713 orauit

256 2768 324 2832 elia
352 2774 540 2828 narraverat
568 2781 664 2846 quam
690 2759 854 2826 lchovista
882 2765 917 2827 iu
946 2783 1017 2846 cap.
1040 2768 1104 2840 42,
1141 2761 1192 2846 qui
1211 2750 1273 2818 solu

256 2875 340 2941 sciro
362 2868 489 2934 videtur
509 2868 550 2931 de
569 2866 740 2948 Simeone5
772 2869 858 2932 undo
877 2870 1006 2934 taudem
1027 2868 1081 2932 hic
1099 2866 1226 2932 obscum
1239 2851 1275 2919 illi

257 2976 441 3065 Simeonis,
474 2995 569 3059 quem
596 2974 747 3039 Elohista
779 2977 953 3040 contemtui
977 2973 1077 3040 habet
1106 2973 1160 3058 (cf.
1186 2966 1274 3031 Genet-

256 3093 317 3166 34,
350 3084 391 3146 25
415 3082 496 3166 sqq.)
525 3079 730 3167 indigitatioi
765 3078 857 3146 Haec
884 3079 1004 3146 verba:
1036 3081 1274 3168 *rumossntss'dss

249 3195 403 3272 fratrem
424 3186 517 3252 illum
538 3187 699 3266 alterum,
734 3207 816 3273 quae
835 3207 909 3252 oum
927 3183 1060 3278 reliquis
1081 3189 1206 3252 minime
1223 3191 1275 3241 cor·

256 3299 408 3372 veniunt,
436 3315 495 3380 per
522 3292 765 3380 compilatorem
786 3314 831 3358 ex
851 3315 911 3358 reo
937 3295 1070 3379 ingenio
1100 3292 1202 3360 addite
1225 3297 1274 3348 0⁸⁵⁰

213 3488 217 3496 s
254 3415 424 3492 putamus,
455 3399 571 3487 quihus
593 3421 662 3487 cop.
683 3406 726 3464 42
744 3421 816 3465 cum
835 3411 948 3466 nostro
966 3402 1190 3485 coniungeret,
1208 3405 1274 3478 ΡΜ

254 3509 367 3576 sertim
386 3525 459 3570 cum
480 3527 598 3570 sensus
613 3509 801 3593 aptissimus
822 3507 968 3592 prodeat,
996 3509 1025 3570 si
1041 3505 1194 3591 legimus:
1213 3496 1274 3582 niuji

254 3628 446 3713 praemi}
469 3613 535 3706 υἷ’»,
565 3620 606 3676 ot
622 3611 745 3676 reddat
762 3609 855 3678 colia
874 3609 1128 3704 densissimam„
1149 3608 1181 3676 lr.
1196 3629 1222 3670 c·
1238 3619 1273 3664 ne

257 3743 320 3810 que
341 3738 453 3786 secum
484 3735 557 3783 eum
581 3720 736 3799 retineat,
767 3741 862 3805 quem
889 3732 1054 3807 tantopere
1064 3720 1162 3806 cupit
1183 3711 1270 3778 vider!⁴

257 3815 471 3920 compilatori
502 3825 631 3912 quidem
661 3823 770 3890 verbis
802 3823 869 3890 illi-s
899 3828 1030 3891 insertis
1063 3829 1144 3892 duae
1174 3803 1275 3886 uostrtl

254 3933 443 3998 traditiones
465 3933 501 3998 in
522 3951 621 3994 uuam
640 3929 825 3996 coalescere
841 3934 945 3998 videri
962 3945 1151 4021 potueruut,
1182 3923 1274 3992 scilicet

254 4037 356 4104 multe
375 4035 459 4116 alia,
490 4059 572 4125 quae
596 4040 681 4102 iuter
708 4050 877 4124 umoreque
904 4043 1080 4118 intersunt,
1110 4055 1211 4126 parom
1234 4047 1273 4089 ιιι·

255 4165 325 4211 ran
366 4175 409 4190 -
432 4145 563 4212 Fratres
586 4144 701 4210 deiude
720 4147 755 4209 in
777 4145 960 4232 Aegyptum
982 4145 1119 4232 profecti
1134 4137 1272 4226 loseplm

255 4251 392 4331 adeant,
430 4252 471 4321 ab
499 4253 562 4326 hoc
592 4263 668 4342 post
705 4254 809 4320 visum
841 4250 1062 4320 Beniamiuum
1097 4251 1222 4336 benigno
1245 4235 1273 4301 tl
