2718 4914
281 351 380 467 in.
425 377 912 453 cressementum
1065 391 1126 487 ns
1176 463 1179 470 ,

56 554 240 641 prandium
267 555 460 636 invitantur,
491 573 564 620 oum
591 552 773 622 oeconomo=
795 555 837 620 de
858 557 996 641 pecunie
1016 577 1128 643 repor·
1156 631 1160 648 Ι

59 673 138 726 tata
156 670 259 744 egunt
279 659 323 744 (r.
341 662 400 740 25,
421 660 462 728 of.
483 663 514 741 ὁ.
535 667 607 742 42).
648 657 809 748 Iosephus
832 663 918 727 donn
939 682 1050 727 eorum
1071 683 1127 728 oo·
1196 731 1199 748 p

56 769 165 830 miter
178 768 306 854 uoeipit,
328 763 518 842 Beniamino
539 767 646 832 fausta
663 781 822 854 precatur,
845 780 878 835 et
894 767 968 833 loos
987 771 1128 858 discum·

58 872 216 938 bentium
242 873 417 939 seeundum
446 884 583 939 aetutem
610 893 722 942 eorum
744 876 920 967 disponens
941 876 1129 942 adrniretio·

59 1000 145 1076 nem
167 981 313 1047 virorum
335 991 443 1048 movet
466 979 511 1067 (v.
535 982 689 1064 stt-34).
795 981 798 988 “
951 975 954 980 ’

522 1103 610 1164 Sestio
627 1105 671 1160 56.

156 1190 280 1258 Gener.
296 1188 433 1275 XLIV,
462 1197 591 1262 11-34.
623 1195 739 1266 nonin.
782 1191 821 1260 Si
841 1193 939 1259 modo
959 1193 1127 1274 evicimus,

69 1313 168 1394 eaput
186 1300 380 1365 antecedens
398 1296 566 1364 Elohistue
587 1299 716 1382 deberi,
745 1301 787 1368 de
804 1300 867 1367 hoo
888 1299 1003 1366 eodem
1030 1304 1127 1367 modo

60 1407 167 1478 ,facile
184 1417 379 1472 monstrare
405 1407 601 1506 poterimus;
640 1427 714 1473 oum
743 1405 801 1472 illo
835 1409 922 1472 enirn
957 1406 1129 1499 permultis

69 1512 211 1579 vineolis
231 1513 337 1599 iisque
355 1512 545 1582 arctissimis
567 1523 619 1576 est
636 1513 849 1580 coniunctum.
872 1512 1033 1603 Iosephus
1054 1525 1130 1601 post

74 1621 242 1706 prandium
272 1637 541 1687 oeconomorum
566 1618 720 1704 imperet,
754 1630 791 1681 nt
814 1623 982 1706 pecuniam
1013 1622 1129 1707 cuique
1236 1647 1245 1680 t

74 1727 207 1790 fratrum
225 1727 260 1791 in
283 1727 387 1790 sunnis
415 1733 551 1810 reponat
578 1721 792 1813 poculumque
824 1745 917 1790 suurn
939 1739 1129 1810 argenteum

77 1844 155 1896 nutu
183 1833 316 1896 minimo
344 1833 445 1898 eddut
473 1827 526 1912 (v.
548 1835 578 1894 1.
600 1831 652 1911 2).
706 1827 780 1908 Quo
802 1830 887 1896 facto
910 1830 1129 1920 fratribusque

74 1938 221 2004 dimissis
242 1951 373 2024 postero
402 1956 497 2002 mnne
512 1934 682 2024 'Iosephus
704 1929 915 2006 oeconomum
936 1939 1050 2018 mittit,
1072 1942 1128 2027 qui

75 2067 120 2110 ex
139 2047 253 2109 itinere
276 2065 334 2108 eos
352 2042 511 2122 retrahet,
539 2044 626 2128 quod
646 2042 702 2108 ille
728 2045 775 2108 uti
802 2045 915 2112 iussus
941 2055 1011 2109 eret
1029 2044 1128 2132 perfi-

77 2153 120 2216 cit
137 2164 169 2216 et
187 2172 260 2214 oum
284 2151 364 2214 viris
395 2170 454 2235 per
474 2148 551 2214 furti
571 2146 847 2228 insimulationem
865 2171 985 2237 magno
1006 2141 1129 2216 terrore
1174 2225 1179 2240 ⁵
1231 2157 1234 2162 ’
1296 2185 1299 2194 =

67 2255 230 2345 perculsis
255 2257 291 2322 in
318 2255 431 2322 urbem
458 2257 629 2322 revertitur
658 2265 706 2334 tv.
726 2258 856 2342 3-14).
897 2256 1020 2322 Notatu
1041 2256 1129 2323 haud
1165 2297 1167 2304 ,

68 2375 121 2428 est
142 2362 330 2462 indignum,
366 2365 451 2451 quod
478 2363 559 2430 Inde
586 2367 691 2431 denuo
717 2375 868 2452 tanquam
888 2363 1023 2432 fratrum
1040 2370 1132 2455 prin·

69 2491 150 2558 ceps
178 2471 363 2534 nominatur
391 2469 505 2559 (off.
527 2471 591 2550 3⁷)
619 2468 672 2536 his
700 2470 809 2537 verbis
840 2492 872 2536 v.
897 2477 954 2536 14:
994 2471 1075 2538 lude
1096 2485 1130 2540 et
1165 2501 1168 2507 ¹

66 2577 191 2643 fratum
212 2579 283 2640 eius
305 2576 434 2640 domum
460 2573 592 2662 Iosephi
613 2578 791 2657 redierunt,
822 2589 895 2642 cett.
936 2575 1017 2645 Post
1036 2578 1129 2645 lose·

66 2683 128 2772 phi
148 2684 189 2748 de
208 2682 294 2748 furto
317 2679 574 2768 obiurgationem
595 2679 676 2748 luda
695 2684 811 2763 etiam,
840 2704 965 2770 negans
988 2705 1024 2750 se
1041 2681 1129 2750 Ben-

67 2791 229 2856 iaminum
261 2784 368 2852 solum
393 2785 853 2876 reiiotunun(v.15—17)‚
891 2811 927 2854 se
946 2791 1127 2880 fratresque

69 2895 248 2963 defendere
269 2905 402 2959 conetur
422 2894 473 2978 (ι’.
497 2895 653 2980 rsa-34).
672 2891 736 2958 Hie
756 2891 836 2959 luda
853 2894 922 2962 fere
943 2899 1057 2963 eudem
1079 2901 1129 2966 di-

67 3008 141 3082 cit,
171 3022 252 3088 quae
275 3021 374 3086 supra
409 3005 512 3080 (teet.
540 3002 605 3080 55)
633 3001 669 3066 in
697 3003 801 3088 cupite
822 3007 864 3069 43
895 3025 915 3068 ιι
943 3011 1128 3092 narratione

66 3110 256 3177 lehovistae
277 3109 493 3194 disorepantia
511 3109 774 3186 monstravimus,
794 3130 828 3172 v.
848 3111 1042 3195 19-23(ct.
1060 3133 1129 3199 cap.
1174 3110 1178 3114 ’

66 3223 136 3294 43,
165 3215 263 3300 3-7)
294 3215 334 3287 de
360 3212 539 3301 colloquio,
571 3215 656 3299 quod
686 3213 846 3302 Iosephus
873 3237 946 3281 erun
974 3217 1129 3284 fratribus

66 3311 239 3402 habuerit,
269 3340 342 3385 oum
361 3322 465 3407 primo
492 3320 630 3384 adeum
650 3321 833 3403 venissent3
867 3343 900 3387 v.
922 3328 963 3388 32
982 3325 1022 3390 de
1041 3326 1130 3390 iure·
1240 3369 1244 3377 ·
1270 3361 1278 3368 -
1308 3318 1311 3326 ’

66 3429 229 3507 iurando,
252 3430 338 3514 quod
359 3429 431 3513 ipse
450 3423 531 3498 lude
554 3425 638 3514 (cup.
655 3431 709 3505 43,
730 3428 766 3512 9)
787 3449 845 3515 pro
866 3426 1056 3496 Beniamino
1077 3435 1150 3497 re·'

69 3534 220 3602 ducendo
256 3535 298 3600 ed
328 3546 453 3621 petrem
488 3529 587 3597 fidem
617 3532 840 3618 (impenderim
877 3535 960 3602 nihil
992 3538 1130 3624 denique
1159 3561 1170 3574 ‘
1268 3606 1272 3615 ,

70 3640 194 3706 omittit
212 3643 338 3718 oretur,
362 3659 424 3726 quo
447 3636 579 3725 Iosephi
596 3640 849 3706 misericordium
872 3641 1012 3723 movent,
1032 3663 1129 3731 prue-

70 3741 368 3826 sertirn‘dolorem
401 3747 502 3833 patris
542 3746 681 3832 pingens
711 3743 935 3813 Beniaminum
965 3750 1130 3814 desidera·

69 3854 148 3917 turi.
194 3849 399 3940 Quantopere
422 3853 502 3918 huno
525 3854 635 3916 omnia
655 3849 829 3937 Iosephum
847 3857 1022 3935 moverint,
1042 3856 1128 3924 idern

70 3970 187 4024 noster
203 3957 352 4056 Elohistu
373 3970 481 4028 namot
501 3960 537 4024 in
559 3961 663 4048 oepite
686 3957 910 4047 subsequente.
