2740 4916
278 374 383 450 Mb.
432 303 883 448 Gener.'XXVII‚1-46‚
921 399 924 406 -
1069 376 1112 440 53
1150 359 1172 392 ι·

31 547 163 623 recen,
192 543 248 628 qui
261 537 410 638 ultimum
431 559 559 606 comma
571 543 614 606 46
631 537 805 604 'Elohistae
825 559 885 606 eno
907 539 1010 625 priori
1025 540 1113 608 trndi

33 647 190 728 mavult,
219 647 278 712 sed
299 648 479 726 immerito,
505 650 561 712 uti
580 645 665 710 infra
685 645 878 712 videbimus.
918 643 1012 711 Haec
1032 667 1113 712 nar·
1209 690 1216 706 ι

34 770 85 822 rat
105 762 235 842 potita:
266 751 400 819 hancne
425 774 504 840 pree
530 752 621 818 senio
643 755 825 818 caecutiens
844 753 991 820 Eravum
1021 750 1114 819 iubet

38 863 101 930 ribi
118 881 244 950 parere
266 859 510 952 pplpementum
530 881 549 922 e
569 879 666 924 carne
685 857 810 939 lerina,
840 872 876 925 ut
895 860 970 925 edat
987 870 1022 924 et
1039 857 1113 926 filio

37 969 226 1036 benedicat.
275 963 342 1042 Qut
372 987 445 1030 cum
471 978 624 1032 venatum
653 966 796 1046 eximet,
835 963 983 1032 Rebecca
1015 963 1112 1036 Iaco-

41 1076 124 1140 bum
143 1073 236 1140 iubat
258 1071 398 1138 haedum
419 1071 484 1138 ribi
498 1071 644 1150 adferre,
666 1069 908 1158 pulpamentum
925 1061 1035 1159 parat,
1057 1071 1112 1138 Ia·
1228 1061 1232 1072 ’

50 1180 131 1245 eobo
150 1182 257 1246 induit
275 1182 467 1244 vestimenta
482 1178 597 1258 lisam,
617 1199 771 1242 mannum
790 1190 823 1241 et
841 1181 977 1246 cervicis
999 1177 1112 1246 laevo·

52 1306 118 1351 rem
137 1284 316 1350 haedorum
338 1283 479 1371 pellibus
499 1286 598 1370 tegit,
625 1287 673 1349 itn
693 1294 730 1346 ut
749 1283 879 1352 Eravns
900 1283 1018 1352 baberi
1031 1307 1112 1373 pos·-

4 1447 5 1452 ,
50 1395 101 1456 sit.
144 1390 247 1456 Intrat
265 1389 406 1456 Iacobus
425 1392 467 1457 ad
488 1402 631 1477 patrem,
653 1390 729 1456 huic
751 1392 944 1476 persuadet,
968 1413 1008 1458 tte
1026 1392 1127 1458 Eam·

50 1519 129 1564 vum
157 1519 250 1578 erre,
282 1511 378 1584 atque
413 1491 670 1562 benedictionem
705 1498 839 1583 accipit,
878 1516 977 1582 quarn
1008 1519 1113 1566 senex

53 1605 267 1689 primogenito
284 1607 520 1684 destinaverat,
541 1603 837 1691 hanepreeserum
857 1604 902 1689 (v.
918 1610 995 1685 29):
1032 1603 1113 1672 Tibi
1215 1599 1227 1610 ⁸

61 1705 367 1790 serviantnrtioner,
388 1707 552 1796 tepoptrli
565 1709 691 1786 colant3
713 1709 864 1774 dominor
882 1722 952 1776 esto
971 1712 1111 1779 fratrum
1210 1737 1215 1748 “

62 1827 192 1895 tuomm,
214 1829 305 1903 teque
327 1814 438 1882 colant
451 1835 493 1880 ex
510 1815 625 1885 eadem
644 1827 750 1883 te'cum
766 1829 872 1882 matre
892 1819 972 1882 nati.
1015 1816 1113 1883 Post·
1197 1890 1202 1897 .
1298 1815 1301 1824 ’

56 1921 147 2008 quam
177 1935 284 1987 entem
310 1920 447 1988 Iacobus
475 1909 689 2004 dircesberat,
722 1924 852 1989 Esavue
874 1945 917 1988 ex
933 1928 1113 1992 uenatione

56 2031 150 2109 redit,
185 2032 272 2117 patri
303 2049 433 2095 carnem
456 2029 607 2100 ,fernam
640 2043 736 2116 paret
765 2032 1016 2113 comedendam,
1054 2035 1113 2100 red

59 2156 168 2222 magno
191 2149 315 2202 terrore
336 2134 521 2224 percellitur
542 2136 582 2200 ad
602 2136 708 2202 verba·
723 2139 825 2225 putria
849 2160 882 2203 r.
902 2143 965 2204 35:
994 2139 1112 2206 Frater

57 2251 139 2324 tuus,
171 2241 291 2308 callide
317 2251 370 2307 me
392 2263 568 2328 aggresus
575 2287 586 2322 ,
617 2247 706 2308 tua'm
729 2237 989 2314 benedictionem
1013 2268 1111 2334 prae-

53 2349 159 2436 ripuitl
195 2336 432 2437 respondetque
462 2342 610 2416 Esnvus‘
623 2371 656 2415 v.
683 2355 748 2416 36³>
782 2348 873 2432 Nae,
903 2350 960 2416 ille
996 2356 1111 2418 merito

54 2455 184 2524 lacobus
208 2455 323 2552 (ερξξ)
346 2459 546 2538 nominatur,
578 2461 704 2544 quime
725 2457 863 2524 iambis
889 2456 1113 2546 supplantavit
1163 2451 1176 2480 ⁵

57 2564 175 2660 (byrge
197 2579 240 2653 πζ
260 2563 428 2663 *puppini
458 2567 597 2650 primurn
618 2567 704 2631 enim
725 2586 818 2631 meae
838 2568 953 2631 aetatis
976 2587 1113 2654 praero-

52 2673 193 2753 gativam
222 2671 418 2748 intervertit,
457 2671 585 2737 deinde
603 2693 689 2737 nunc
717 2692 824 2751 meam
854 2660 1113 2738 benedictionem

52 2779 226 2864 intercepit.
270 2773 336 2839 Sed
357 2787 465 2844 tamer
493 2775 658 2843 nullamne
678 2778 758 2846 mibi
779 2775 1037 2842 benedictionem
1059 2763 1120 2842 re·⁴

50 2865 167 2968 liquam
200 2882 327 2948 iecistii
362 2880 477 2970 -Neg‘at
503 2897 613 2970 pater,
655 2901 692 2951 se
717 2885 772 2952 vel
798 2886 934 2950 eandem
961 2882 1019 2948 vel
1044 2895 1112 2948 tam

51 2981 251 3071 praeclaram
280 2990 358 3056 dere
385 3011 503 3076 poure,
537 3012 634 3078 qnam
662 2991 780 3057 lecobo
807 2990 949 3065 dederim
979 2991 1110 3054 enixius

52 3107 153 3160 antem
186 3094 347 3181 flagitanti
377 3093 458 3159 haec
489 3097 566 3162 dicit
600 3121 631 3164 v.
653 3105 716 3164 39:
751 3096 827 3164 Tua
855 3098 985 3184 quidem
1014 3097 1110 3160 redes

51 3213 150 3266 terrae
180 3203 377 3288 pinguedine
398 3213 430 3268 et
452 3209 570 3288 sbpero
598 3203 681 3270 coeli
709 3227 782 3271 rore
811 3205 954 3284 carebit,
984 3201 1111 3289 gladio·

51 3328 106 3392 qne
133 3311 259 3376 victum
281 3307 420 3394 parabis
449 3321 481 3374 et
506 3310 597 3376 fratri
617 3323 674 3376 tuo
702 3314 846 3386 serviem
883 3309 951 3376 sed'
969 3310 1111 3388 eveniet,

50 3413 91 3496 (v.
111 3419 170 3502 40)
194 3436 268 3480 oum
288 3426 400 3479 contra
419 3418 511 3480 nisus
534 3417 655 3494 menn,
691 3417 762 3480 eius
782 3420 895 3504 iugum
922 3418 963 3482 de
986 3417 1113 3482 cervice

50 3531 100 3584 tna
118 3525 279 3586 excuties.
321 3520 414 3586 Haec
429 3525 538 3587 omnia
553 3519 750 3588 lehovistam
771 3525 911 3589 indicant
926 3535 1111 3590 auctorem:

52 3623 100 3690 bic
120 3631 210 3694 enirn
239 3649 305 3693 non
329 3630 426 3693 modo
454 3631 616 3709 eundem,
649 3651 744 3714 quem
774 3625 873 3718 supra
903 3627 1026 3698 Gener.
1055 3634 1110 3709 25,

54 3738 89 3796 23
110 3751 182 3822 sqq.
211 3732 321 3800 Iacobi
349 3737 457 3799 astuti
475 3747 632 3804 monstrat
654 3737 819 3816 favorem,
850 3738 989 3802 eandem
1008 3737 1113 3802 Esau
1208 3779 1214 3796 ι
1306 3759 1309 3766 ·

56 3838 223 3922 inuitam,
254 3843 310 3910 red
332 3844 463 3906 dicertis
485 3844 583 3906 etiam
604 3841 713 3908 verbis
737 3863 770 3907 v.
793 3846 835 3907 36
868 3842 1016 3914 Eravum
1034 3843 1113 3908 iacit

54 3951 276 4033 respicientem
299 3950 340 4014 ed
361 3946 488 4027 dolum,
524 3949 586 4036 ‘quo
607 3945 745 4014 lacobus
772 3949 855 4036 (cap.
878 3952 937 4031 25,
961 3956 1004 4015 31
1028 3953 1111 4037 sqq.)

52 4057 308 4150 praerogativam
338 4058 454 4120 aetatis
482 4066 613 4122 emerat.
653 4055 789 4121 Accedit
816 4058 914 4121 etiarn
941 4077 1031 4122 nora
1052 4075 1114 4122 no-

57 4161 150 4226 tninir
171 4176 246 4252 apr*
266 4161 478 4249 etymologia,
505 4169 559 4242 (v.
584 4167 645 4243 36,
666 4163 708 4228 cf.
729 4183 826 4252 supra
849 4169 880 4246 ἦ.
903 4169 989 4245 Μ.
1011 4163 1052 4251 a)
1074 4185 1113 4230 ac

53 4271 234 4348 superstitio
255 4265 353 4334 rebus
372 4272 464 4336 miris
485 4272 600 4338 favens
622 4277 673 4358 (fi.
696 4281 733 4351 4,
764 4272 826 4355 2),
860 4289 924 4358 qna
941 4267 1113 4337 leborirta
