2740 4916
253 375 363 455 §.33
409 352 560 449 (13333.
581 374 732 456 rw,
770 381 902 459 1-29.
1021 327 1024 336 ·
1068 385 1110 446 85

23 545 202 610 Narratur
224 565 302 608 vero
325 539 476 610 Rachelis
506 527 581 630 post
602 541 827 612 Beniarulnum
853 560 964 613 natum
992 553 1105 636 exspl-

26 651 141 714 runtis
173 669 262 716 mors
293 661 325 714 et
352 649 517 736 sepultura
546 650 602 734 (cl.
625 653 709 724 infra
730 655 815 740 apud
836 647 1017 720 Elohistum
1041 657 1106 722 Ge-

27 779 102 821 333.
117 763 179 837 48,
204 757 237 836 7,
260 761 289 837 ᾖ.
308 761 363 834 48,
387 755 472 821 Soet.
494 761 552 837 62)
576 769 609 821 et
630 779 661 822 v.
682 767 725 824 22
747 762 836 825 addit
849 771 965 846 potita:
999 761 1105 828 133331

33 879 109 932 curu
132 865 173 928 in
190 861 252 928 hnc
273 865 408 956 regione
428 860 611 961 habitaret,
635 863 791 932 Rubeuus
810 890 878 932 rem
901 866 1013 934 habuit
1032 891 1105 934 cum

30 968 153 1049 Bilha,
193 972 297 1057 patris
311 963 501 1033 concubina
529 941 643 1069 (tanin
647 990 717 1050 3333
750 981 858 1073 33333
893 987 989 1074 333333
1026 975 1104 1069 31333

35 1093 113 1146 nunu
134 1076 263 1169 3313333),
286 1072 431 1141 33133331
449 1075 510 1146 hac
532 1078 573 1142 de
590 1099 627 1144 re
648 1090 700 1142 est
720 1082 837 1144 cernor
848 1081 964 1144 faetus
1007 1077 1103 1143 Post·

41 1207 82 1249 eu
100 1151 303 1265 ν3113311333,
334 1180 396 1247 1333
417 1204 482 1270 qua
502 1171 672 1249 Rubenum
692 1185 857 1272 adspergit
876 1185 1004 1250 macula
1023 1185 1103 1250 Elo-

43 1291 161 1356 histum
182 1290 323 1355 discerni
344 1310 444 1376 posse
472 1288 689 1356 elehovista.
709 1328 750 1340 -
770 1289 891 1368 Quam
913 1292 1104 1394 compilator

42 1398 94 1462 bic
108 1419 145 1464 v.
163 1401 290 1462 22-26
309 1397 398 1460 addit
413 1393 555 1462 filiorum
575 1395 686 1464 Iacchi
706 1403 979 1465 enumerationem
997 1421 1101 1486 neque

31 1517 122 1590 ‘apto
150 1501 385 1594 loco-positum
405 1521 509 1590 neque
532 1525 604 1568 cum
624 1504 889 1590 praecedentibus
911 1509 990 1570 33313
1021 1528 1099 1571 con·

47 1616 244 1692 uenientem,
269 1631 343 1676 oum
359 1631 404 1676 xv.
428 1615 471 1674 24
498 1612 596 1674 etiam
618 1607 786 1680 Beniamin
806 1626 990 1676 numeretur
1014 1616 1100 1678 iuter

52 1717 140 1784 filios
159 1716 190 1782 ln
206 1713 449 1804 Mesopotamia
469 1730 577 1797 natos,
600 1738 672 1780 eam
687 1715 856 1782 Elohistae
874 1719 1001 1798 tradere
1020 1717 1098 1783 sub·

53 1824 278 1904 dubitaremus,
301 1825 366 1888 nisi
387 1844 419 1888 v.
440 1829 482 1890 26
505 1827 602 1889 etiam
626 1823 788 1909 legeretur
808 1833 876 1892 3333
862 1837 972 1917 333ς
983 1845 1097 1910 neque

47 1943 147 1996 temen
168 1931 440 2010 contradicemus,
472 1933 502 1996 si
529 1935 601 2018 quis
624 1930 688 1996 hoo
707 1931 923 2048 fragmentum
942 1929 1096 2018 compila-

46 2038 104 2102 tori
121 2036 183 2104 soli
204 2035 345 2104 tribuere
365 2035 514 2103 voluerit.
1174 2021 1175 2030 ἵ

488 2249 575 2300 Sectlo
593 2251 638 2303 46.

121 2366 245 2434 Gener.
265 2359 413 2450 XXXV,
436 2373 573 2435 27-29.
596 2367 710 2440 3333133·
753 2363 873 2431 Omnia
894 2367 975 2432 haee
996 2347 1096 2433 vei-ba
1214 2431 1217 2438 .

43 2475 217 2542 Elohistam
231 2487 412 2564 monstrant
431 2489 604 2554 auctorem,
626 2496 730 2561 neque
749 2476 840 2538 deest
862 2475 1010 2538 dictionis
1024 2486 1096 2538 tau·

44 2583 167 2668 tolegia.
219 2581 313 2648 Haec
337 2585 423 2645 enim
444 2581 603 2667 legimus,
633 2580 921 2646 327313331333
950 2583 1096 2666 pervenit
1192 2635 1196 2646 r

41 2691 75 2753 ud
101 2689 253 2756 Isaacum
298 2701 425 2775 patrem
459 2709 554 2752 suum
590 2691 625 2752 in
657 2689 824 2782 regionem
852 2684 978 2750 Mumre
1008 2685 1040 2751 h.
1067 2709 1098 2754 e.

40 2794 165 2880 llirjath
189 2793 282 2860 Arba
311 2797 381 2860 sive
407 2794 560 2875 Hebron,
592 2794 647 2859 ubi
673 2772 878 2857 Abrabamus
909 2806 941 2856 et
961 2792 1095 2859 Isaacus
1209 2879 1212 2884 1

38 2899 258 2968 habitaverunt
275 2902 338 2985 (cf
360 2899 1012 2982 Ε1311133313113333.23,19);3283
1045 2899 1111 2974 Αο,

38 3021 205 3096 postquam
221 3007 357 3075 Isaacus
371 3017 497 3092 centum
514 3019 547 3071 et
568 3003 731 3090 octoginta
743 3003 961 3091 compleverat
976 3029 1093 3086 annos,
1172 2989 1175 3000 ’

37 3132 65 3175 v.
89 3121 150 3181 29:
190 3116 392 3181 3333333133
419 3115 586 3178 defunctus
616 3124 649 3176 et
675 3124 820 3175 moturus
846 3111 919 3176 3131
948 3126 1094 3176 mortuus

39 3233 132 3286 estet
158 3223 198 3285 ad
219 3233 328 3307 patres
351 3242 429 3286 suos
450 3219 549 3301 abiit,
571 3233 604 3284 et
621 3215 840 3305 sepeliverunt
860 3239 933 3283 eum
953 3215 1094 3285 lacobus¹

38 3341 65 3390 et
87 3329 219 3394 Esavus
252 3324 313 3392 filii
343 3328 410 3414 (of.
449 3328 535 3414 apud
564 3325 745 3390 Elohistam
781 3327 894 3389 eadem
922 3322 1022 3388 verba
1052 3324 1093 3412 de
1204 3341 1206 3348 ⁴

40 3431 218 3500 Abrahamo
246 3435 403 3502 moriente
424 3439 541 3499 Genes.
569 3437 629 3512 25,
660 3437 718 3514 8.).
780 3427 913 3498 Praeter
942 3451 981 3494 ea
1013 3452 1096 3516 quae

42 3543 212 3612 addidimus
242 3538 315 3603 loca
345 3538 531 3619 Elohistue,
568 3537 644 3603 huic
675 3536 814 3614 similia,
848 3537 971 3602 accedit
995 3541 1092 3602 etiam

43 3649 118 3732 quod
137 3657 265 3727 narrat,
297 3645 442 3712 Esavum
461 3643 620 3710 alacobo
642 3645 725 3731 opud
743 3625 867 3730 patrem
887 3666 961 3708 esse
980 3665 1090 3729 reper-

45 3763 117 3834 tum,
138 3777 223 3832 uon,
247 3755 294 3818 uti
315 3752 480 3820 lehovista
501 3751 588 3831 vult,
619 3749 751 3835 (Goulos.
772 3753 825 3828 32,
851 3757 882 3814 4.
895 3761 926 3812 33
952 3754 1005 3828 33,
1034 3753 1086 3828 16,

45 3858 77 3921 cf.
95 3883 156 3928 nos
176 3866 206 3942 5.
226 3863 267 3926 33
288 3862 323 3926 in
341 3857 420 3948 fine)
442 3861 508 3924 ium
528 3869 595 3922 tum
615 3860 649 3923 in
671 3855 834 3922 montibus
857 3857 1005 3921 seiriticis
1030 3856 1090 3920 do·

44 3967 186 4034 miciliurn
212 3965 377 4034 babuisse.
840 3981 844 3990 ‘
917 3977 920 3982 ⁴
