<?xml version="1.0" encoding="UTF-8"?>
<!DOCTYPE html PUBLIC "-//W3C//DTD XHTML 1.0 Transitional//EN"
    "http://www.w3.org/TR/xhtml1/DTD/xhtml1-transitional.dtd">
<html xmlns="http://www.w3.org/1999/xhtml" xml:lang="en" lang="en">
 <head>
  <title>
</title>
<meta http-equiv="Content-Type" content="text/html;charset=utf-8" />
  <meta name='ocr-system' content='tesseract 3.04.00' />
  <meta name='ocr-capabilities' content='ocr_page ocr_carea ocr_par ocr_line ocrx_word'/>
</head>
<body>
  <div class='ocr_page' id='page_1' title='image "./librigeneseosse00gramgoog_0114.png"; bbox 0 0 2718 4914; ppageno 0'>
   <div class='ocr_carea' id='block_1_1' title="bbox 301 189 1125 410">
    <p class='ocr_par' dir='ltr' id='par_1_1' title="bbox 301 189 1125 410">
     <span class='ocr_line' id='line_1_1' title="bbox 624 189 888 278; baseline 0.004 -1"><span class='ocrx_word' id='word_1_1' title='bbox 624 231 628 238; x_wconf 94' lang='lat'>·</span> <span class='ocrx_word' id='word_1_2' title='bbox 882 189 888 278; x_wconf 82' lang='grc' dir='ltr'>Ι</span> 
     </span>
     <span class='ocr_line' id='line_1_2' title="bbox 301 325 1125 410; baseline 0.007 -16"><span class='ocrx_word' id='word_1_3' title='bbox 301 332 332 410; x_wconf 58' lang='grc' dir='ltr'><strong>ἦ.</strong></span> <span class='ocrx_word' id='word_1_4' title='bbox 352 333 404 394; x_wconf 89' lang='grc'><strong>42.</strong></span> <span class='ocrx_word' id='word_1_5' title='bbox 451 325 596 394; x_wconf 78' lang='lat' dir='ltr'><strong>Gener.</strong></span> <span class='ocrx_word' id='word_1_6' title='bbox 619 325 745 410; x_wconf 74' lang='lat' dir='ltr'><strong>XLII,</strong></span> <span class='ocrx_word' id='word_1_7' title='bbox 770 335 894 398; x_wconf 79' lang='lat'><strong>1-38.</strong></span> <span class='ocrx_word' id='word_1_8' title='bbox 1064 335 1125 400; x_wconf 80' lang='lat'><strong>105</strong></span> 
     </span>
    </p>
   </div>
   <div class='ocr_carea' id='block_1_2' title="bbox 12 485 1211 4322">
    <p class='ocr_par' dir='ltr' id='par_1_2' title="bbox 39 485 1211 4322">
     <span class='ocr_line' id='line_1_3' title="bbox 40 485 1132 590; baseline 0.004 -24"><span class='ocrx_word' id='word_1_9' title='bbox 40 501 196 566; x_wconf 85' lang='lat' dir='ltr'><strong>mentio</strong></span> <span class='ocrx_word' id='word_1_10' title='bbox 219 495 258 564; x_wconf 88' lang='lat' dir='ltr'><strong>fit</strong></span> <span class='ocrx_word' id='word_1_11' title='bbox 278 485 490 586; x_wconf 79' lang='lat' dir='ltr'><strong>comparatis,</strong></span> <span class='ocrx_word' id='word_1_12' title='bbox 510 501 662 566; x_wconf 88' lang='lat' dir='ltr'><strong>iudicium</strong></span> <span class='ocrx_word' id='word_1_13' title='bbox 682 513 830 568; x_wconf 86' lang='lat' dir='ltr'><strong>nostrum</strong></span> <span class='ocrx_word' id='word_1_14' title='bbox 850 501 1074 590; x_wconf 75' lang='lat' dir='ltr'><strong>expediemus,</strong></span> <span class='ocrx_word' id='word_1_15' title='bbox 1094 519 1132 570; x_wconf 91' lang='lat' dir='ltr'><strong>ut</strong></span> 
     </span>
     <span class='ocr_line' id='line_1_4' title="bbox 39 605 1132 696; baseline 0.005 -24"><span class='ocrx_word' id='word_1_16' title='bbox 39 619 187 695; x_wconf 89' lang='lat' dir='ltr'><strong>postea</strong></span> <span class='ocrx_word' id='word_1_17' title='bbox 209 605 363 672; x_wconf 88' lang='lat' dir='ltr'><strong>lectorem</strong></span> <span class='ocrx_word' id='word_1_18' title='bbox 384 605 447 669; x_wconf 86' lang='lat' dir='ltr'><strong>huc</strong></span> <span class='ocrx_word' id='word_1_19' title='bbox 467 611 628 674; x_wconf 78' lang='lat' dir='ltr'>remittere</span> <span class='ocrx_word' id='word_1_20' title='bbox 654 611 830 696; x_wconf 89' lang='lat' dir='ltr'><strong>possimus.</strong></span> <span class='ocrx_word' id='word_1_21' title='bbox 871 607 963 674; x_wconf 89' lang='lat' dir='ltr'><strong>Haec</strong></span> <span class='ocrx_word' id='word_1_22' title='bbox 989 607 1132 696; x_wconf 82' lang='lat' dir='ltr'><strong>legimus</strong></span> 
     </span>
     <span class='ocr_line' id='line_1_5' title="bbox 39 713 1144 806; baseline 0.005 -28"><span class='ocrx_word' id='word_1_23' title='bbox 39 737 79 778; x_wconf 86' lang='lat' dir='ltr'><strong>v.</strong></span> <span class='ocrx_word' id='word_1_24' title='bbox 109 717 168 779; x_wconf 76' lang='lat'><strong>2⁷</strong></span> <span class='ocrx_word' id='word_1_25' title='bbox 188 714 306 799; x_wconf 87' lang='lat' dir='ltr'><strong>capitis</strong></span> <span class='ocrx_word' id='word_1_26' title='bbox 328 715 449 779; x_wconf 77' lang='lat' dir='ltr'>nostri:</span> <span class='ocrx_word' id='word_1_27' title='bbox 480 713 626 796; x_wconf 81' lang='lat' dir='ltr'><strong>(Fratres</strong></span> <span class='ocrx_word' id='word_1_28' title='bbox 647 713 779 801; x_wconf 87' lang='lat' dir='ltr'><strong>Iosephi</strong></span> <span class='ocrx_word' id='word_1_29' title='bbox 797 717 927 780; x_wconf 88' lang='lat' dir='ltr'><strong>domum</strong></span> <span class='ocrx_word' id='word_1_30' title='bbox 947 716 1144 806; x_wconf 84' lang='lat' dir='ltr'><strong>redeuntes)¹</strong></span> 
     </span>
     <span class='ocr_line' id='line_1_6' title="bbox 42 819 1190 926; baseline 0.003 -40"><span class='ocrx_word' id='word_1_31' title='bbox 42 843 133 888; x_wconf 85' lang='lat' dir='ltr'><strong>curn</strong></span> <span class='ocrx_word' id='word_1_32' title='bbox 154 822 194 884; x_wconf 91' lang='lat' dir='ltr'><strong>in</strong></span> <span class='ocrx_word' id='word_1_33' title='bbox 211 819 435 883; x_wconf 77' lang='lat' dir='ltr'><strong>deuersorium</strong></span> <span class='ocrx_word' id='word_1_34' title='bbox 451 821 618 884; x_wconf 87' lang='lat' dir='ltr'><strong>venissent</strong></span> <span class='ocrx_word' id='word_1_35' title='bbox 636 832 668 884; x_wconf 92' lang='lat' dir='ltr'><strong>et</strong></span> <span class='ocrx_word' id='word_1_36' title='bbox 682 842 766 885; x_wconf 90' lang='lat' dir='ltr'><strong>unus</strong></span> <span class='ocrx_word' id='word_1_37' title='bbox 782 841 825 883; x_wconf 89' lang='lat' dir='ltr'><strong>ex</strong></span> <span class='ocrx_word' id='word_1_38' title='bbox 840 822 881 886; x_wconf 91' lang='lat' dir='ltr'><strong>iis</strong></span> <span class='ocrx_word' id='word_1_39' title='bbox 903 842 1031 887; x_wconf 86' lang='lat' dir='ltr'><strong>saecum</strong></span> <span class='ocrx_word' id='word_1_40' title='bbox 1050 846 1129 912; x_wconf 88' lang='lat' dir='ltr'><strong>ape·</strong></span> <span class='ocrx_word' id='word_1_41' title='bbox 1168 899 1190 926; x_wconf 32' lang='grc' dir='ltr'>χ</span> 
     </span>
     <span class='ocr_line' id='line_1_7' title="bbox 39 923 1132 1017; baseline 0.001 -23"><span class='ocrx_word' id='word_1_42' title='bbox 39 929 202 1007; x_wconf 76' lang='lat' dir='ltr'><strong>ruisset,</strong></span> <span class='ocrx_word' id='word_1_43' title='bbox 227 939 264 990; x_wconf 92' lang='lat' dir='ltr'><strong>ut</strong></span> <span class='ocrx_word' id='word_1_44' title='bbox 280 923 434 1012; x_wconf 87' lang='lat' dir='ltr'><strong>pabulum</strong></span> <span class='ocrx_word' id='word_1_45' title='bbox 454 927 547 990; x_wconf 88' lang='lat' dir='ltr'><strong>asino</strong></span> <span class='ocrx_word' id='word_1_46' title='bbox 568 927 748 1006; x_wconf 80' lang='lat' dir='ltr'><strong>enodaret,</strong></span> <span class='ocrx_word' id='word_1_47' title='bbox 770 927 994 992; x_wconf 83' lang='lat' dir='ltr'><strong>anirnadvertit</strong></span> <span class='ocrx_word' id='word_1_48' title='bbox 1014 951 1132 1017; x_wconf 86' lang='lat' dir='ltr'><strong>argen-</strong></span> 
     </span>
     <span class='ocr_line' id='line_1_8' title="bbox 12 1011 1131 1118; baseline 0 -18"><span class='ocrx_word' id='word_1_49' title='bbox 12 1049 131 1100; x_wconf 89' lang='lat' dir='ltr'><strong>turn</strong></span> <span class='ocrx_word' id='word_1_50' title='bbox 156 1036 195 1100; x_wconf 90' lang='lat' dir='ltr'><strong>in</strong></span> <span class='ocrx_word' id='word_1_51' title='bbox 222 1053 278 1098; x_wconf 88' lang='lat' dir='ltr'><strong>ere</strong></span> <span class='ocrx_word' id='word_1_52' title='bbox 305 1035 392 1098; x_wconf 86' lang='lat' dir='ltr'><strong>sacci</strong></span> <span class='ocrx_word' id='word_1_53' title='bbox 419 1032 464 1118; x_wconf 80' lang='lat' dir='ltr'><strong>(v.</strong></span> <span class='ocrx_word' id='word_1_54' title='bbox 485 1031 540 1116; x_wconf 84' lang='grc'><strong>28)</strong></span> <span class='ocrx_word' id='word_1_55' title='bbox 569 1011 713 1118; x_wconf 78' lang='lat' dir='ltr'><strong>dixitque</strong></span> <span class='ocrx_word' id='word_1_56' title='bbox 734 1031 886 1098; x_wconf 86' lang='lat' dir='ltr'><strong>iratribus</strong></span> <span class='ocrx_word' id='word_1_57' title='bbox 907 1035 992 1100; x_wconf 84' lang='lat' dir='ltr'><strong>suis·</strong></span> <span class='ocrx_word' id='word_1_58' title='bbox 1022 1033 1131 1100; x_wconf 81' lang='lat' dir='ltr'><strong>Rediit</strong></span> 
     </span>
     <span class='ocr_line' id='line_1_9' title="bbox 51 1136 1132 1230; baseline 0.001 -24"><span class='ocrx_word' id='word_1_59' title='bbox 51 1143 213 1230; x_wconf 89' lang='lat' dir='ltr'><strong>pecnnia</strong></span> <span class='ocrx_word' id='word_1_60' title='bbox 236 1159 327 1214; x_wconf 78' lang='lat' dir='ltr'><strong>mee3</strong></span> <span class='ocrx_word' id='word_1_61' title='bbox 357 1160 432 1204; x_wconf 88' lang='lat' dir='ltr'><strong>ecee</strong></span> <span class='ocrx_word' id='word_1_62' title='bbox 458 1141 492 1202; x_wconf 90' lang='lat' dir='ltr'><strong>in</strong></span> <span class='ocrx_word' id='word_1_63' title='bbox 521 1157 577 1202; x_wconf 89' lang='lat' dir='ltr'><strong>ore</strong></span> <span class='ocrx_word' id='word_1_64' title='bbox 605 1141 691 1204; x_wconf 88' lang='lat' dir='ltr'><strong>sacci</strong></span> <span class='ocrx_word' id='word_1_65' title='bbox 715 1141 781 1206; x_wconf 88' lang='lat' dir='ltr'><strong>mei</strong></span> <span class='ocrx_word' id='word_1_66' title='bbox 799 1139 865 1204; x_wconf 86' lang='lat' dir='ltr'><strong>esti</strong></span> <span class='ocrx_word' id='word_1_67' title='bbox 903 1136 989 1205; x_wconf 82' lang='lat' dir='ltr'><strong>&#39;l&#39;um</strong></span> <span class='ocrx_word' id='word_1_68' title='bbox 1007 1163 1132 1227; x_wconf 87' lang='lat' dir='ltr'><strong>pavore</strong></span> 
     </span>
     <span class='ocr_line' id='line_1_10' title="bbox 53 1233 1147 1336; baseline 0.001 -24"><span class='ocrx_word' id='word_1_69' title='bbox 53 1249 215 1336; x_wconf 72' lang='lat' dir='ltr'><strong>perculsi</strong></span> <span class='ocrx_word' id='word_1_70' title='bbox 237 1233 378 1334; x_wconf 72' lang='lat' dir='ltr'><strong>trepidus</strong></span> <span class='ocrx_word' id='word_1_71' title='bbox 401 1245 457 1310; x_wconf 89' lang='lat' dir='ltr'><strong>alii</strong></span> <span class='ocrx_word' id='word_1_72' title='bbox 479 1242 564 1309; x_wconf 85' lang='lat' dir='ltr'><strong>alius</strong></span> <span class='ocrx_word' id='word_1_73' title='bbox 585 1247 684 1309; x_wconf 83' lang='lat' dir='ltr'><strong>dixit:</strong></span> <span class='ocrx_word' id='word_1_74' title='bbox 718 1244 784 1311; x_wconf 90' lang='lat' dir='ltr'><strong>Cur</strong></span> <span class='ocrx_word' id='word_1_75' title='bbox 805 1247 936 1312; x_wconf 83' lang='lat' dir='ltr'><strong>tandem</strong></span> <span class='ocrx_word' id='word_1_76' title='bbox 955 1245 1047 1313; x_wconf 79' lang='lat' dir='ltr'><strong>Deus</strong></span> <span class='ocrx_word' id='word_1_77' title='bbox 1068 1248 1147 1314; x_wconf 77' lang='lat' dir='ltr'><strong>hoo</strong></span> 
     </span>
     <span class='ocr_line' id='line_1_11' title="bbox 54 1351 1130 1452; baseline -0.001 -32"><span class='ocrx_word' id='word_1_78' title='bbox 54 1355 167 1420; x_wconf 86' lang='lat' dir='ltr'><strong>nobis</strong></span> <span class='ocrx_word' id='word_1_79' title='bbox 180 1355 276 1419; x_wconf 78' lang='lat' dir='ltr'><strong>feeit!</strong></span> <span class='ocrx_word' id='word_1_80' title='bbox 298 1354 362 1446; x_wconf 62' lang='lat' dir='ltr'><strong>(aabv</strong></span> <span class='ocrx_word' id='word_1_81' title='bbox 385 1352 493 1452; x_wconf 55' lang='lat' dir='ltr'><strong>nenbtg</strong></span> <span class='ocrx_word' id='word_1_82' title='bbox 509 1360 579 1447; x_wconf 54' lang='lat' dir='ltr'><strong>ruys</strong></span> <span class='ocrx_word' id='word_1_83' title='bbox 597 1355 759 1438; x_wconf 46' lang='lat' dir='ltr'><strong>utrumve).</strong></span> <span class='ocrx_word' id='word_1_84' title='bbox 798 1351 888 1416; x_wconf 91' lang='lat' dir='ltr'><strong>Bene</strong></span> <span class='ocrx_word' id='word_1_85' title='bbox 910 1353 973 1418; x_wconf 90' lang='lat' dir='ltr'><strong>hoo</strong></span> <span class='ocrx_word' id='word_1_86' title='bbox 991 1375 1130 1420; x_wconf 88' lang='lat' dir='ltr'><strong>consen-</strong></span> 
     </span>
     <span class='ocr_line' id='line_1_12' title="bbox 52 1457 1133 1542; baseline -0.001 -15"><span class='ocrx_word' id='word_1_87' title='bbox 52 1465 102 1528; x_wconf 85' lang='lat' dir='ltr'><strong>tit</strong></span> <span class='ocrx_word' id='word_1_88' title='bbox 125 1483 207 1526; x_wconf 89' lang='lat' dir='ltr'><strong>cum</strong></span> <span class='ocrx_word' id='word_1_89' title='bbox 225 1464 407 1526; x_wconf 79' lang='lat' dir='ltr'><strong>narratione</strong></span> <span class='ocrx_word' id='word_1_90' title='bbox 424 1457 607 1524; x_wconf 83' lang='lat' dir='ltr'><strong>leheristae</strong></span> <span class='ocrx_word' id='word_1_91' title='bbox 629 1457 763 1542; x_wconf 87' lang='lat' dir='ltr'><strong>eiusque</strong></span> <span class='ocrx_word' id='word_1_92' title='bbox 779 1457 905 1524; x_wconf 88' lang='lat' dir='ltr'><strong>indole:</strong></span> <span class='ocrx_word' id='word_1_93' title='bbox 932 1462 1133 1528; x_wconf 85' lang='lat' dir='ltr'><strong>conscientia</strong></span> 
     </span>
     <span class='ocr_line' id='line_1_13' title="bbox 62 1559 1143 1652; baseline -0.002 -18"><span class='ocrx_word' id='word_1_94' title='bbox 62 1571 168 1634; x_wconf 84' lang='lat' dir='ltr'><strong>enirn</strong></span> <span class='ocrx_word' id='word_1_95' title='bbox 189 1567 270 1632; x_wconf 84' lang='lat' dir='ltr'><strong>male</strong></span> <span class='ocrx_word' id='word_1_96' title='bbox 289 1571 325 1632; x_wconf 90' lang='lat' dir='ltr'><strong>in</strong></span> <span class='ocrx_word' id='word_1_97' title='bbox 344 1569 477 1634; x_wconf 88' lang='lat' dir='ltr'><strong>fratrem</strong></span> <span class='ocrx_word' id='word_1_98' title='bbox 497 1564 573 1629; x_wconf 85' lang='lat' dir='ltr'><strong>iacti</strong></span> <span class='ocrx_word' id='word_1_99' title='bbox 593 1559 732 1648; x_wconf 86' lang='lat' dir='ltr'><strong>perculsi</strong></span> <span class='ocrx_word' id='word_1_100' title='bbox 756 1561 809 1648; x_wconf 87' lang='lat' dir='ltr'><strong>(ci.</strong></span> <span class='ocrx_word' id='word_1_101' title='bbox 831 1583 929 1648; x_wconf 87' lang='lat' dir='ltr'><strong>supra</strong></span> <span class='ocrx_word' id='word_1_102' title='bbox 950 1584 982 1626; x_wconf 86' lang='lat' dir='ltr'><strong>v.</strong></span> <span class='ocrx_word' id='word_1_103' title='bbox 997 1570 1036 1628; x_wconf 86' lang='lat'><strong>21</strong></span> <span class='ocrx_word' id='word_1_104' title='bbox 1047 1569 1143 1652; x_wconf 85' lang='lat' dir='ltr'><strong>sqq.).</strong></span> 
     </span>
     <span class='ocr_line' id='line_1_14' title="bbox 64 1653 1132 1763; baseline -0.001 -26"><span class='ocrx_word' id='word_1_105' title='bbox 64 1685 209 1763; x_wconf 89' lang='lat' dir='ltr'><strong>putant,</strong></span> <span class='ocrx_word' id='word_1_106' title='bbox 236 1673 343 1740; x_wconf 88' lang='lat' dir='ltr'><strong>Deum</strong></span> <span class='ocrx_word' id='word_1_107' title='bbox 369 1693 428 1760; x_wconf 89' lang='lat' dir='ltr'><strong>per</strong></span> <span class='ocrx_word' id='word_1_108' title='bbox 454 1668 643 1736; x_wconf 59' lang='lat' dir='ltr'><strong>menendum</strong></span> <span class='ocrx_word' id='word_1_109' title='bbox 670 1667 753 1734; x_wconf 88' lang='lat' dir='ltr'><strong>hanc</strong></span> <span class='ocrx_word' id='word_1_110' title='bbox 779 1653 948 1756; x_wconf 80' lang='lat' dir='ltr'><strong>pecuniam</strong></span> <span class='ocrx_word' id='word_1_111' title='bbox 972 1669 1034 1734; x_wconf 86' lang='lat' dir='ltr'><strong>sibi</strong></span> <span class='ocrx_word' id='word_1_112' title='bbox 1056 1674 1132 1736; x_wconf 90' lang='lat' dir='ltr'><strong>red-</strong></span> 
     </span>
     <span class='ocr_line' id='line_1_15' title="bbox 66 1775 1211 1868; baseline -0.006 -19"><span class='ocrx_word' id='word_1_113' title='bbox 66 1783 218 1860; x_wconf 86' lang='lat' dir='ltr'><strong>didisse,</strong></span> <span class='ocrx_word' id='word_1_114' title='bbox 239 1795 274 1845; x_wconf 91' lang='lat' dir='ltr'><strong>ut</strong></span> <span class='ocrx_word' id='word_1_115' title='bbox 294 1784 328 1844; x_wconf 90' lang='lat' dir='ltr'><strong>in</strong></span> <span class='ocrx_word' id='word_1_116' title='bbox 349 1778 471 1848; x_wconf 84' lang='lat' dir='ltr'><strong>malum</strong></span> <span class='ocrx_word' id='word_1_117' title='bbox 492 1776 621 1863; x_wconf 81' lang='lat' dir='ltr'><strong>aliquod</strong></span> <span class='ocrx_word' id='word_1_118' title='bbox 643 1798 701 1864; x_wconf 87' lang='lat' dir='ltr'><strong>per</strong></span> <span class='ocrx_word' id='word_1_119' title='bbox 721 1775 805 1841; x_wconf 88' lang='lat' dir='ltr'><strong>hanc</strong></span> <span class='ocrx_word' id='word_1_120' title='bbox 822 1779 1037 1868; x_wconf 79' lang='lat' dir='ltr'><strong>incurrerent,</strong></span> <span class='ocrx_word' id='word_1_121' title='bbox 1066 1799 1131 1866; x_wconf 87' lang='lat' dir='ltr'><strong>qua</strong></span> <span class='ocrx_word' id='word_1_122' title='bbox 1208 1775 1211 1782; x_wconf 80' lang='grc'><strong>’</strong></span> 
     </span>
     <span class='ocr_line' id='line_1_16' title="bbox 58 1883 1141 1979; baseline -0.004 -25"><span class='ocrx_word' id='word_1_123' title='bbox 58 1912 102 1956; x_wconf 87' lang='lat' dir='ltr'><strong>re</strong></span> <span class='ocrx_word' id='word_1_124' title='bbox 126 1891 318 1974; x_wconf 77' lang='lat' dir='ltr'><strong>superstitio</strong></span> <span class='ocrx_word' id='word_1_125' title='bbox 344 1884 441 1952; x_wconf 86' lang='lat' dir='ltr'><strong>simul</strong></span> <span class='ocrx_word' id='word_1_126' title='bbox 462 1883 644 1950; x_wconf 85' lang='lat' dir='ltr'><strong>lehovirtue</strong></span> <span class='ocrx_word' id='word_1_127' title='bbox 663 1883 808 1968; x_wconf 88' lang='lat' dir='ltr'><strong>proditur</strong></span> <span class='ocrx_word' id='word_1_128' title='bbox 825 1883 890 1970; x_wconf 80' lang='lat' dir='ltr'><strong>·(ci.</strong></span> <span class='ocrx_word' id='word_1_129' title='bbox 918 1905 1015 1979; x_wconf 78' lang='lat' dir='ltr'><strong>supra</strong></span> <span class='ocrx_word' id='word_1_130' title='bbox 1039 1891 1070 1968; x_wconf 85' lang='lat'><strong>§.</strong></span> <span class='ocrx_word' id='word_1_131' title='bbox 1098 1897 1141 1968; x_wconf 87' lang='grc'><strong>4,,</strong></span> 
     </span>
     <span class='ocr_line' id='line_1_17' title="bbox 60 1991 1143 2082; baseline -0.015 -20"><span class='ocrx_word' id='word_1_132' title='bbox 60 2001 114 2082; x_wconf 85' lang='grc'><strong>2).</strong></span> <span class='ocrx_word' id='word_1_133' title='bbox 158 1993 289 2060; x_wconf 85' lang='lat' dir='ltr'><strong>Deinde</strong></span> <span class='ocrx_word' id='word_1_134' title='bbox 309 2013 381 2058; x_wconf 88' lang='lat' dir='ltr'><strong>curn</strong></span> <span class='ocrx_word' id='word_1_135' title='bbox 401 1994 463 2063; x_wconf 86' lang='lat' dir='ltr'><strong>iter</strong></span> <span class='ocrx_word' id='word_1_136' title='bbox 484 1992 728 2078; x_wconf 76' lang='lat' dir='ltr'><strong>condonassent</strong></span> <span class='ocrx_word' id='word_1_137' title='bbox 748 2001 842 2076; x_wconf 87' lang='lat' dir='ltr'><strong>atque</strong></span> <span class='ocrx_word' id='word_1_138' title='bbox 869 1991 911 2055; x_wconf 87' lang='lat' dir='ltr'><strong>ad</strong></span> <span class='ocrx_word' id='word_1_139' title='bbox 936 2005 1060 2078; x_wconf 77' lang='lat' dir='ltr'><strong>patrem</strong></span> <span class='ocrx_word' id='word_1_140' title='bbox 1080 2018 1143 2060; x_wconf 60' lang='grc' dir='ltr'><strong>η,</strong></span> 
     </span>
     <span class='ocr_line' id='line_1_18' title="bbox 63 2097 1132 2189; baseline -0.001 -20"><span class='ocrx_word' id='word_1_141' title='bbox 63 2105 171 2169; x_wconf 85' lang='lat' dir='ltr'><strong>duces</strong></span> <span class='ocrx_word' id='word_1_142' title='bbox 195 2121 404 2189; x_wconf 90' lang='lat' dir='ltr'><strong>quaeeunque</strong></span> <span class='ocrx_word' id='word_1_143' title='bbox 428 2098 492 2165; x_wconf 85' lang='lat' dir='ltr'><strong>sibi</strong></span> <span class='ocrx_word' id='word_1_144' title='bbox 513 2097 679 2162; x_wconf 82' lang='lat' dir='ltr'><strong>evenerint</strong></span> <span class='ocrx_word' id='word_1_145' title='bbox 698 2109 904 2175; x_wconf 77' lang='lat' dir='ltr'><strong>narrassent,</strong></span> <span class='ocrx_word' id='word_1_146' title='bbox 926 2099 970 2183; x_wconf 86' lang='lat' dir='ltr'><strong>(v.</strong></span> <span class='ocrx_word' id='word_1_147' title='bbox 991 2105 1132 2187; x_wconf 80' lang='lat'>29-34)</span> 
     </span>
     <span class='ocr_line' id='line_1_19' title="bbox 58 2203 1133 2298; baseline -0.001 -24"><span class='ocrx_word' id='word_1_148' title='bbox 58 2221 207 2298; x_wconf 87' lang='lat' dir='ltr'><strong>repente</strong></span> <span class='ocrx_word' id='word_1_149' title='bbox 239 2203 658 2294; x_wconf 76' lang='lat' dir='ltr'><strong>compilator‘‚colloquiuru</strong></span> <span class='ocrx_word' id='word_1_150' title='bbox 692 2203 911 2290; x_wconf 81' lang='lat' dir='ltr'><strong>interrumpit,</strong></span> <span class='ocrx_word' id='word_1_151' title='bbox 947 2225 980 2268; x_wconf 85' lang='lat' dir='ltr'><strong>v.</strong></span> <span class='ocrx_word' id='word_1_152' title='bbox 1009 2211 1051 2272; x_wconf 80' lang='lat'><strong>35</strong></span> <span class='ocrx_word' id='word_1_153' title='bbox 1079 2208 1133 2292; x_wconf 86' lang='lat' dir='ltr'><strong>his</strong></span> 
     </span>
     <span class='ocr_line' id='line_1_20' title="bbox 55 2308 1133 2402; baseline -0.002 -20"><span class='ocrx_word' id='word_1_154' title='bbox 55 2315 184 2383; x_wconf 81' lang='lat' dir='ltr'><strong>verbis</strong></span> <span class='ocrx_word' id='word_1_155' title='bbox 207 2328 281 2379; x_wconf 89' lang='lat' dir='ltr'><strong>ante</strong></span> <span class='ocrx_word' id='word_1_156' title='bbox 300 2315 401 2402; x_wconf 76' lang='lat' dir='ltr'><strong>patris</strong></span> <span class='ocrx_word' id='word_1_157' title='bbox 420 2308 630 2400; x_wconf 83' lang='lat' dir='ltr'><strong>responsum,</strong></span> <span class='ocrx_word' id='word_1_158' title='bbox 658 2327 813 2394; x_wconf 84' lang='lat' dir='ltr'><strong>perquam</strong></span> <span class='ocrx_word' id='word_1_159' title='bbox 834 2311 958 2398; x_wconf 90' lang='lat' dir='ltr'><strong>inepte,</strong></span> <span class='ocrx_word' id='word_1_160' title='bbox 988 2313 1133 2380; x_wconf 82' lang='lat' dir='ltr'><strong>iniectis:</strong></span> 
     </span>
     <span class='ocr_line' id='line_1_21' title="bbox 55 2416 1136 2507; baseline -0.003 -18"><span class='ocrx_word' id='word_1_161' title='bbox 55 2421 99 2489; x_wconf 91' lang='lat' dir='ltr'><strong>In</strong></span> <span class='ocrx_word' id='word_1_162' title='bbox 127 2419 305 2507; x_wconf 89' lang='lat' dir='ltr'><strong>deplendis</strong></span> <span class='ocrx_word' id='word_1_163' title='bbox 328 2422 431 2486; x_wconf 85' lang='lat' dir='ltr'><strong>saccis</strong></span> <span class='ocrx_word' id='word_1_164' title='bbox 454 2439 526 2484; x_wconf 89' lang='lat' dir='ltr'><strong>oum</strong></span> <span class='ocrx_word' id='word_1_165' title='bbox 547 2437 607 2483; x_wconf 86' lang='lat' dir='ltr'><strong>suo</strong></span> <span class='ocrx_word' id='word_1_166' title='bbox 636 2416 771 2503; x_wconf 85' lang='lat' dir='ltr'><strong>quisque</strong></span> <span class='ocrx_word' id='word_1_167' title='bbox 789 2416 824 2480; x_wconf 90' lang='lat' dir='ltr'><strong>in</strong></span> <span class='ocrx_word' id='word_1_168' title='bbox 845 2437 940 2483; x_wconf 87' lang='lat' dir='ltr'><strong>sacco</strong></span> <span class='ocrx_word' id='word_1_169' title='bbox 961 2433 1136 2504; x_wconf 81' lang='lat' dir='ltr'><strong>argentum</strong></span> 
     </span>
     <span class='ocr_line' id='line_1_22' title="bbox 57 2519 1142 2622; baseline -0.005 -26"><span class='ocrx_word' id='word_1_170' title='bbox 57 2549 171 2596; x_wconf 86' lang='lat' dir='ltr'><strong>suum</strong></span> <span class='ocrx_word' id='word_1_171' title='bbox 194 2531 230 2592; x_wconf 91' lang='lat' dir='ltr'><strong>in</strong></span> <span class='ocrx_word' id='word_1_172' title='bbox 255 2527 374 2593; x_wconf 87' lang='lat' dir='ltr'><strong>loculis</strong></span> <span class='ocrx_word' id='word_1_173' title='bbox 394 2528 618 2622; x_wconf 86' lang='lat' dir='ltr'><strong>reperissent,</strong></span> <span class='ocrx_word' id='word_1_174' title='bbox 637 2534 671 2587; x_wconf 90' lang='lat' dir='ltr'><strong>et</strong></span> <span class='ocrx_word' id='word_1_175' title='bbox 694 2519 757 2586; x_wconf 88' lang='lat' dir='ltr'><strong>filii</strong></span> <span class='ocrx_word' id='word_1_176' title='bbox 782 2533 815 2585; x_wconf 89' lang='lat' dir='ltr'><strong>et</strong></span> <span class='ocrx_word' id='word_1_177' title='bbox 833 2533 925 2608; x_wconf 87' lang='lat' dir='ltr'><strong>pater</strong></span> <span class='ocrx_word' id='word_1_178' title='bbox 949 2537 1037 2591; x_wconf 90' lang='lat' dir='ltr'><strong>metu</strong></span> <span class='ocrx_word' id='word_1_179' title='bbox 1057 2551 1142 2614; x_wconf 84' lang='lat' dir='ltr'><strong>per-.</strong></span> 
     </span>
     <span class='ocr_line' id='line_1_23' title="bbox 54 2626 1133 2718; baseline -0.004 -15"><span class='ocrx_word' id='word_1_180' title='bbox 54 2637 158 2703; x_wconf 80' lang='lat' dir='ltr'><strong>uulsi</strong></span> <span class='ocrx_word' id='word_1_181' title='bbox 185 2646 270 2698; x_wconf 86' lang='lat' dir='ltr'><strong>sunt.</strong></span> <span class='ocrx_word' id='word_1_182' title='bbox 313 2631 480 2712; x_wconf 83' lang='lat' dir='ltr'><strong>Metuant,</strong></span> <span class='ocrx_word' id='word_1_183' title='bbox 509 2653 550 2698; x_wconf 89' lang='lat' dir='ltr'><strong>nc</strong></span> <span class='ocrx_word' id='word_1_184' title='bbox 570 2633 642 2718; x_wconf 89' lang='lat' dir='ltr'><strong>quis</strong></span> <span class='ocrx_word' id='word_1_185' title='bbox 662 2626 801 2713; x_wconf 85' lang='lat' dir='ltr'><strong>Iosephi</strong></span> <span class='ocrx_word' id='word_1_186' title='bbox 817 2629 913 2696; x_wconf 84' lang='lat' dir='ltr'><strong>delus</strong></span> <span class='ocrx_word' id='word_1_187' title='bbox 942 2631 993 2697; x_wconf 89' lang='lat' dir='ltr'><strong>hic</strong></span> <span class='ocrx_word' id='word_1_188' title='bbox 1021 2631 1133 2712; x_wconf 86' lang='lat' dir='ltr'><strong>lateat,</strong></span> 
     </span>
     <span class='ocr_line' id='line_1_24' title="bbox 53 2735 1138 2816; baseline 0 -9"><span class='ocrx_word' id='word_1_189' title='bbox 53 2760 92 2811; x_wconf 86' lang='lat' dir='ltr'><strong>et</strong></span> <span class='ocrx_word' id='word_1_190' title='bbox 137 2762 218 2808; x_wconf 84' lang='lat' dir='ltr'><strong>curn</strong></span> <span class='ocrx_word' id='word_1_191' title='bbox 246 2741 378 2802; x_wconf 86' lang='lat' dir='ltr'><strong>minime</strong></span> <span class='ocrx_word' id='word_1_192' title='bbox 411 2735 587 2802; x_wconf 87' lang='lat' dir='ltr'><strong>verisimile</strong></span> <span class='ocrx_word' id='word_1_193' title='bbox 610 2738 674 2816; x_wconf 87' lang='lat' dir='ltr'><strong>sit,</strong></span> <span class='ocrx_word' id='word_1_194' title='bbox 706 2739 737 2802; x_wconf 84' lang='lat' dir='ltr'><strong>si</strong></span> <span class='ocrx_word' id='word_1_195' title='bbox 760 2757 846 2800; x_wconf 90' lang='lat' dir='ltr'><strong>unus</strong></span> <span class='ocrx_word' id='word_1_196' title='bbox 863 2739 996 2804; x_wconf 88' lang='lat' dir='ltr'><strong>iamin</strong></span> <span class='ocrx_word' id='word_1_197' title='bbox 1017 2740 1138 2808; x_wconf 79' lang='lat' dir='ltr'><strong>itinere</strong></span> 
     </span>
     <span class='ocr_line' id='line_1_25' title="bbox 53 2847 1134 2940; baseline -0.004 -25"><span class='ocrx_word' id='word_1_198' title='bbox 53 2851 245 2940; x_wconf 80' lang='lat' dir='ltr'><strong>argentum</strong></span> <span class='ocrx_word' id='word_1_199' title='bbox 270 2847 471 2923; x_wconf 76' lang='lat' dir='ltr'><strong>invenisset,</strong></span> <span class='ocrx_word' id='word_1_200' title='bbox 502 2854 627 2909; x_wconf 73' lang='lat' dir='ltr'><strong>ceteros</strong></span> <span class='ocrx_word' id='word_1_201' title='bbox 653 2863 737 2908; x_wconf 86' lang='lat' dir='ltr'><strong>vasa</strong></span> <span class='ocrx_word' id='word_1_202' title='bbox 766 2863 829 2908; x_wconf 88' lang='lat' dir='ltr'><strong>sua</strong></span> <span class='ocrx_word' id='word_1_203' title='bbox 854 2865 920 2909; x_wconf 90' lang='lat' dir='ltr'><strong>non</strong></span> <span class='ocrx_word' id='word_1_204' title='bbox 952 2849 1134 2932; x_wconf 87' lang='lat' dir='ltr'><strong>aperuisse,</strong></span> 
     </span>
     <span class='ocr_line' id='line_1_26' title="bbox 52 2949 1130 3046; baseline -0.001 -26"><span class='ocrx_word' id='word_1_205' title='bbox 52 2977 197 3046; x_wconf 81' lang='lat' dir='ltr'><strong>neque,</strong></span> <span class='ocrx_word' id='word_1_206' title='bbox 220 2955 267 3016; x_wconf 91' lang='lat' dir='ltr'><strong>uti</strong></span> <span class='ocrx_word' id='word_1_207' title='bbox 288 2951 343 3017; x_wconf 88' lang='lat' dir='ltr'><strong>ille</strong></span> <span class='ocrx_word' id='word_1_208' title='bbox 364 2952 457 3031; x_wconf 85' lang='lat' dir='ltr'><strong>iecit,</strong></span> <span class='ocrx_word' id='word_1_209' title='bbox 486 2951 589 3014; x_wconf 84' lang='lat' dir='ltr'><strong>asinis</strong></span> <span class='ocrx_word' id='word_1_210' title='bbox 610 2952 680 3016; x_wconf 88' lang='lat' dir='ltr'><strong>suis</strong></span> <span class='ocrx_word' id='word_1_211' title='bbox 698 2949 853 3038; x_wconf 87' lang='lat' dir='ltr'><strong>pabulum</strong></span> <span class='ocrx_word' id='word_1_212' title='bbox 875 2950 1066 3038; x_wconf 79' lang='lat' dir='ltr'><strong>praebuisse</strong></span> <span class='ocrx_word' id='word_1_213' title='bbox 1085 2953 1130 3037; x_wconf 83' lang='lat' dir='ltr'><strong>(v.</strong></span> 
     </span>
     <span class='ocr_line' id='line_1_27' title="bbox 52 3057 1134 3149; baseline -0.002 -23"><span class='ocrx_word' id='word_1_214' title='bbox 52 3072 151 3149; x_wconf 78' lang='lat'><strong>27),</strong></span> <span class='ocrx_word' id='word_1_215' title='bbox 175 3062 229 3126; x_wconf 89' lang='lat' dir='ltr'><strong>hio</strong></span> <span class='ocrx_word' id='word_1_216' title='bbox 250 3058 316 3126; x_wconf 88' lang='lat' dir='ltr'><strong>alia</strong></span> <span class='ocrx_word' id='word_1_217' title='bbox 337 3059 494 3148; x_wconf 86' lang='lat' dir='ltr'><strong>quaedam</strong></span> <span class='ocrx_word' id='word_1_218' title='bbox 512 3057 639 3122; x_wconf 89' lang='lat' dir='ltr'><strong>traditio</strong></span> <span class='ocrx_word' id='word_1_219' title='bbox 662 3079 736 3128; x_wconf 81' lang='lat' dir='ltr'><strong>esse</strong></span> <span class='ocrx_word' id='word_1_220' title='bbox 757 3057 892 3136; x_wconf 90' lang='lat' dir='ltr'><strong>videtur,</strong></span> <span class='ocrx_word' id='word_1_221' title='bbox 916 3072 948 3124; x_wconf 89' lang='lat' dir='ltr'><strong>et</strong></span> <span class='ocrx_word' id='word_1_222' title='bbox 965 3057 1134 3124; x_wconf 84' lang='lat' dir='ltr'><strong>Elohistae</strong></span> 
     </span>
     <span class='ocr_line' id='line_1_28' title="bbox 52 3161 1133 3264; baseline -0.01 -25"><span class='ocrx_word' id='word_1_223' title='bbox 52 3171 220 3264; x_wconf 87' lang='lat' dir='ltr'><strong>quidem,</strong></span> <span class='ocrx_word' id='word_1_224' title='bbox 251 3170 326 3255; x_wconf 89' lang='lat' dir='ltr'><strong>qnia</strong></span> <span class='ocrx_word' id='word_1_225' title='bbox 354 3188 375 3230; x_wconf 88' lang='lat' dir='ltr'><strong>a</strong></span> <span class='ocrx_word' id='word_1_226' title='bbox 395 3165 564 3231; x_wconf 88' lang='lat' dir='ltr'><strong>traditione</strong></span> <span class='ocrx_word' id='word_1_227' title='bbox 583 3161 768 3229; x_wconf 84' lang='lat' dir='ltr'><strong>[choristae</strong></span> <span class='ocrx_word' id='word_1_228' title='bbox 793 3177 844 3229; x_wconf 86' lang='lat' dir='ltr'><strong>cst</strong></span> <span class='ocrx_word' id='word_1_229' title='bbox 861 3165 1000 3231; x_wconf 86' lang='lat' dir='ltr'><strong>diversa.</strong></span> <span class='ocrx_word' id='word_1_230' title='bbox 1045 3163 1133 3241; x_wconf 83' lang='lat' dir='ltr'><strong>Con-</strong></span> 
     </span>
     <span class='ocr_line' id='line_1_29' title="bbox 52 3271 1134 3359; baseline -0.008 -14"><span class='ocrx_word' id='word_1_231' title='bbox 52 3283 230 3350; x_wconf 87' lang='lat' dir='ltr'><strong>firmator</strong></span> <span class='ocrx_word' id='word_1_232' title='bbox 251 3274 332 3340; x_wconf 90' lang='lat' dir='ltr'><strong>haec</strong></span> <span class='ocrx_word' id='word_1_233' title='bbox 358 3273 519 3337; x_wconf 84' lang='lat' dir='ltr'><strong>sententia</strong></span> <span class='ocrx_word' id='word_1_234' title='bbox 552 3271 656 3356; x_wconf 90' lang='lat' dir='ltr'><strong>capite</strong></span> <span class='ocrx_word' id='word_1_235' title='bbox 685 3275 747 3349; x_wconf 85' lang='grc'><strong>43,</strong></span> <span class='ocrx_word' id='word_1_236' title='bbox 788 3272 892 3358; x_wconf 85' lang='lat' dir='ltr'><strong>quod,</strong></span> <span class='ocrx_word' id='word_1_237' title='bbox 929 3293 1003 3338; x_wconf 87' lang='lat' dir='ltr'><strong>curn</strong></span> <span class='ocrx_word' id='word_1_238' title='bbox 1030 3275 1134 3359; x_wconf 89' lang='lat' dir='ltr'><strong>capite</strong></span> 
     </span>
     <span class='ocr_line' id='line_1_30' title="bbox 52 3375 1136 3465; baseline -0.006 -14"><span class='ocrx_word' id='word_1_239' title='bbox 52 3397 107 3455; x_wconf 78' lang='lat'><strong>44</strong></span> <span class='ocrx_word' id='word_1_240' title='bbox 138 3385 365 3458; x_wconf 86' lang='lat' dir='ltr'><strong>coniunctum,</strong></span> <span class='ocrx_word' id='word_1_241' title='bbox 389 3389 492 3442; x_wconf 88' lang='lat' dir='ltr'><strong>toturn</strong></span> <span class='ocrx_word' id='word_1_242' title='bbox 513 3388 564 3442; x_wconf 80' lang='lat' dir='ltr'><strong>eet</strong></span> <span class='ocrx_word' id='word_1_243' title='bbox 581 3375 760 3442; x_wconf 86' lang='lat' dir='ltr'><strong>Elohistae.</strong></span> <span class='ocrx_word' id='word_1_244' title='bbox 804 3375 885 3465; x_wconf 84' lang='lat' dir='ltr'><strong>Cap.</strong></span> <span class='ocrx_word' id='word_1_245' title='bbox 905 3383 966 3458; x_wconf 81' lang='lat'><strong>43,</strong></span> <span class='ocrx_word' id='word_1_246' title='bbox 989 3383 1029 3449; x_wconf 91' lang='grc'><strong>12</strong></span> <span class='ocrx_word' id='word_1_247' title='bbox 1048 3381 1136 3445; x_wconf 84' lang='lat' dir='ltr'><strong>eninr</strong></span> 
     </span>
     <span class='ocr_line' id='line_1_31' title="bbox 56 3481 1133 3572; baseline -0.006 -15"><span class='ocrx_word' id='word_1_248' title='bbox 56 3495 158 3561; x_wconf 83' lang='lat' dir='ltr'><strong>haee</strong></span> <span class='ocrx_word' id='word_1_249' title='bbox 172 3486 326 3572; x_wconf 80' lang='lat' dir='ltr'><strong>‘legimus</strong></span> <span class='ocrx_word' id='word_1_250' title='bbox 353 3483 454 3551; x_wconf 81' lang='lat' dir='ltr'><strong>rerba</strong></span> <span class='ocrx_word' id='word_1_251' title='bbox 481 3481 613 3548; x_wconf 82' lang='lat' dir='ltr'><strong>lucebi:</strong></span> <span class='ocrx_word' id='word_1_252' title='bbox 652 3483 833 3568; x_wconf 85' lang='lat' dir='ltr'><strong>Argentum</strong></span> <span class='ocrx_word' id='word_1_253' title='bbox 861 3499 969 3550; x_wconf 87' lang='lat' dir='ltr'><strong>antem</strong></span> <span class='ocrx_word' id='word_1_254' title='bbox 1000 3483 1133 3572; x_wconf 85' lang='lat' dir='ltr'><strong>duplum</strong></span> 
     </span>
     <span class='ocr_line' id='line_1_32' title="bbox 55 3589 1176 3676; baseline -0.007 -9"><span class='ocrx_word' id='word_1_255' title='bbox 55 3593 406 3670; x_wconf 70' lang='lat' dir='ltr'><strong>contrementem,</strong></span> <span class='ocrx_word' id='word_1_256' title='bbox 442 3603 476 3656; x_wconf 84' lang='lat' dir='ltr'><strong>et</strong></span> <span class='ocrx_word' id='word_1_257' title='bbox 497 3589 583 3676; x_wconf 86' lang='lat' dir='ltr'><strong>quod</strong></span> <span class='ocrx_word' id='word_1_258' title='bbox 610 3589 645 3653; x_wconf 88' lang='lat' dir='ltr'><strong>io</strong></span> <span class='ocrx_word' id='word_1_259' title='bbox 676 3610 733 3654; x_wconf 91' lang='lat' dir='ltr'><strong>ore</strong></span> <span class='ocrx_word' id='word_1_260' title='bbox 761 3611 929 3658; x_wconf 85' lang='lat' dir='ltr'><strong>saccorum</strong></span> <span class='ocrx_word' id='word_1_261' title='bbox 954 3603 1133 3657; x_wconf 85' lang='lat' dir='ltr'><strong>vestrorum</strong></span> <span class='ocrx_word' id='word_1_262' title='bbox 1173 3653 1176 3659; x_wconf 90' lang='lat'><em>.</em></span> 
     </span>
     <span class='ocr_line' id='line_1_33' title="bbox 53 3696 1134 3784; baseline -0.007 -10"><span class='ocrx_word' id='word_1_263' title='bbox 53 3703 211 3774; x_wconf 86' lang='lat' dir='ltr'><strong>relatum</strong></span> <span class='ocrx_word' id='word_1_264' title='bbox 237 3711 305 3780; x_wconf 87' lang='lat' dir='ltr'><strong>est,</strong></span> <span class='ocrx_word' id='word_1_265' title='bbox 341 3699 372 3762; x_wconf 86' lang='lat' dir='ltr'><strong>si</strong></span> <span class='ocrx_word' id='word_1_266' title='bbox 400 3696 484 3762; x_wconf 84' lang='lat' dir='ltr'><strong>iorte</strong></span> <span class='ocrx_word' id='word_1_267' title='bbox 520 3697 734 3783; x_wconf 86' lang='lat' dir='ltr'><strong>imprudentia</strong></span> <span class='ocrx_word' id='word_1_268' title='bbox 769 3709 820 3760; x_wconf 83' lang='lat' dir='ltr'><strong>est</strong></span> <span class='ocrx_word' id='word_1_269' title='bbox 854 3711 1021 3782; x_wconf 86' lang='lat' dir='ltr'><strong>peceatum</strong></span> <span class='ocrx_word' id='word_1_270' title='bbox 1049 3698 1134 3784; x_wconf 69' lang='grc' dir='ltr'>(ξιιι</span> 
     </span>
     <span class='ocr_line' id='line_1_34' title="bbox 57 3801 1205 3900; baseline -0.009 -23"><span class='ocrx_word' id='word_1_271' title='bbox 57 3829 137 3883; x_wconf 73' lang='lat' dir='ltr'><strong>esen</strong></span> <span class='ocrx_word' id='word_1_272' title='bbox 159 3809 283 3900; x_wconf 66' lang='lat' dir='ltr'><strong>macie).</strong></span> <span class='ocrx_word' id='word_1_273' title='bbox 304 3803 380 3870; x_wconf 91' lang='lat' dir='ltr'><strong>Non</strong></span> <span class='ocrx_word' id='word_1_274' title='bbox 402 3805 521 3888; x_wconf 79' lang='lat' dir='ltr'><strong>cogitet</strong></span> <span class='ocrx_word' id='word_1_275' title='bbox 534 3801 671 3867; x_wconf 87' lang='lat' dir='ltr'><strong>Iacobus</strong></span> <span class='ocrx_word' id='word_1_276' title='bbox 693 3803 733 3867; x_wconf 91' lang='lat' dir='ltr'><strong>de</strong></span> <span class='ocrx_word' id='word_1_277' title='bbox 753 3803 908 3869; x_wconf 88' lang='lat' dir='ltr'><strong>miraculo</strong></span> <span class='ocrx_word' id='word_1_278' title='bbox 931 3806 1060 3884; x_wconf 88' lang='lat' dir='ltr'><strong>divino,</strong></span> <span class='ocrx_word' id='word_1_279' title='bbox 1086 3805 1135 3868; x_wconf 90' lang='lat' dir='ltr'><strong>uti</strong></span> <span class='ocrx_word' id='word_1_280' title='bbox 1203 3825 1205 3831; x_wconf 93' lang='lat'>·</span> 
     </span>
     <span class='ocr_line' id='line_1_35' title="bbox 57 3908 1135 4004; baseline -0.002 -26"><span class='ocrx_word' id='word_1_281' title='bbox 57 3940 145 4004; x_wconf 75' lang='lat' dir='ltr'><strong>cap.</strong></span> <span class='ocrx_word' id='word_1_282' title='bbox 169 3921 230 3993; x_wconf 89' lang='grc'><strong>42,</strong></span> <span class='ocrx_word' id='word_1_283' title='bbox 252 3920 294 3982; x_wconf 84' lang='grc'><strong>28</strong></span> <span class='ocrx_word' id='word_1_284' title='bbox 317 3911 413 3990; x_wconf 88' lang='lat' dir='ltr'><strong>filii,</strong></span> <span class='ocrx_word' id='word_1_285' title='bbox 428 3910 487 3974; x_wconf 86' lang='lat' dir='ltr'><strong>sed</strong></span> <span class='ocrx_word' id='word_1_286' title='bbox 507 3908 630 3973; x_wconf 87' lang='lat' dir='ltr'><strong>mavult</strong></span> <span class='ocrx_word' id='word_1_287' title='bbox 654 3930 800 3992; x_wconf 86' lang='lat' dir='ltr'><strong>sumere,</strong></span> <span class='ocrx_word' id='word_1_288' title='bbox 829 3909 986 3999; x_wconf 87' lang='lat' dir='ltr'><strong>aliquem</strong></span> <span class='ocrx_word' id='word_1_289' title='bbox 991 3913 1135 3978; x_wconf 85' lang='lat' dir='ltr'><strong>eserris</strong></span> 
     </span>
     <span class='ocr_line' id='line_1_36' title="bbox 57 4017 1135 4109; baseline -0.013 -15"><span class='ocrx_word' id='word_1_290' title='bbox 57 4021 226 4109; x_wconf 83' lang='lat' dir='ltr'><strong>iosephi</strong></span> <span class='ocrx_word' id='word_1_291' title='bbox 217 4043 251 4085; x_wconf 91' lang='lat' dir='ltr'><strong>m</strong></span> <span class='ocrx_word' id='word_1_292' title='bbox 265 4018 428 4086; x_wconf 85' lang='lat' dir='ltr'><strong>reddenda</strong></span> <span class='ocrx_word' id='word_1_293' title='bbox 444 4017 583 4104; x_wconf 82' lang='lat' dir='ltr'><strong>pecunia</strong></span> <span class='ocrx_word' id='word_1_294' title='bbox 602 4017 835 4102; x_wconf 87' lang='lat' dir='ltr'><strong>imprudentem</strong></span> <span class='ocrx_word' id='word_1_295' title='bbox 854 4039 1020 4104; x_wconf 81' lang='lat' dir='ltr'><strong>peccasse,</strong></span> <span class='ocrx_word' id='word_1_296' title='bbox 1039 4037 1135 4102; x_wconf 86' lang='lat' dir='ltr'><strong>quarn</strong></span> 
     </span>
     <span class='ocr_line' id='line_1_37' title="bbox 61 4119 1135 4216; baseline -0.01 -17"><span class='ocrx_word' id='word_1_297' title='bbox 61 4127 185 4200; x_wconf 89' lang='lat' dir='ltr'><strong>dolum</strong></span> <span class='ocrx_word' id='word_1_298' title='bbox 205 4124 334 4216; x_wconf 82' lang='lat' dir='ltr'><strong>Iosephi</strong></span> <span class='ocrx_word' id='word_1_299' title='bbox 356 4124 432 4191; x_wconf 91' lang='lat' dir='ltr'><strong>huie</strong></span> <span class='ocrx_word' id='word_1_300' title='bbox 454 4125 503 4188; x_wconf 91' lang='lat' dir='ltr'><strong>rei</strong></span> <span class='ocrx_word' id='word_1_301' title='bbox 527 4119 682 4203; x_wconf 85' lang='lat' dir='ltr'><strong>subesse,</strong></span> <span class='ocrx_word' id='word_1_302' title='bbox 711 4126 760 4189; x_wconf 88' lang='lat' dir='ltr'><strong>uti</strong></span> <span class='ocrx_word' id='word_1_303' title='bbox 777 4145 895 4212; x_wconf 88' lang='lat' dir='ltr'><strong>supra,</strong></span> <span class='ocrx_word' id='word_1_304' title='bbox 924 4144 994 4212; x_wconf 85' lang='lat' dir='ltr'><strong>cap.</strong></span> <span class='ocrx_word' id='word_1_305' title='bbox 1010 4131 1071 4204; x_wconf 91' lang='grc'><strong>42,</strong></span> <span class='ocrx_word' id='word_1_306' title='bbox 1094 4127 1135 4188; x_wconf 81' lang='lat' dir='ltr'><strong>at</strong></span> 
     </span>
     <span class='ocr_line' id='line_1_38' title="bbox 65 4229 1135 4322; baseline -0.009 -18"><span class='ocrx_word' id='word_1_307' title='bbox 65 4253 103 4304; x_wconf 91' lang='lat' dir='ltr'><strong>ct</strong></span> <span class='ocrx_word' id='word_1_308' title='bbox 129 4235 179 4299; x_wconf 91' lang='lat' dir='ltr'><strong>uti</strong></span> <span class='ocrx_word' id='word_1_309' title='bbox 200 4246 316 4322; x_wconf 84' lang='lat' dir='ltr'><strong>postea</strong></span> <span class='ocrx_word' id='word_1_310' title='bbox 339 4254 409 4318; x_wconf 86' lang='lat' dir='ltr'><strong>cap.</strong></span> <span class='ocrx_word' id='word_1_311' title='bbox 433 4234 493 4309; x_wconf 86' lang='grc'><strong>43,</strong></span> <span class='ocrx_word' id='word_1_312' title='bbox 516 4234 555 4295; x_wconf 84' lang='grc'><strong>18</strong></span> <span class='ocrx_word' id='word_1_313' title='bbox 577 4229 714 4310; x_wconf 79' lang='lat' dir='ltr'><strong>iratres,</strong></span> <span class='ocrx_word' id='word_1_314' title='bbox 747 4229 788 4297; x_wconf 88' lang='lat' dir='ltr'><strong>ab</strong></span> <span class='ocrx_word' id='word_1_315' title='bbox 809 4249 985 4301; x_wconf 88' lang='lat' dir='ltr'><strong>oeconomo</strong></span> <span class='ocrx_word' id='word_1_316' title='bbox 1006 4233 1135 4297; x_wconf 91' lang='lat' dir='ltr'><strong>domum</strong></span> 
     </span>
    </p>
   </div>
   <div class='ocr_carea' id='block_1_3' title="bbox 0 0 1366 4914">
    <p class='ocr_par' dir='ltr' id='par_1_3' title="bbox 0 0 1366 4914">
     <span class='ocr_line' id='line_1_39' title="bbox 0 0 1366 4914; baseline 0 0"><span class='ocrx_word' id='word_1_317' title='bbox 0 0 1366 4914; x_wconf 95' lang='lat' dir='ltr'><strong> </strong></span> 
     </span>
    </p>
   </div>
  </div>
 </body>
</html>
