2718 4914
218 355 282 424 tto
448 351 549 440 ΜΘ.
591 349 739 418 (leuse,
755 349 892 433 XLIX,
915 355 1048 419 t-oz
1177 431 1181 441 ἱ

220 538 372 618 promtus
393 536 461 604 est,
482 524 613 590 dicensu
646 517 727 591 ''l'uo
751 527 883 590 nomine
904 521 990 612 opud
1010 521 1186 590 Israelitas
1207 523 1280 591 bene

224 631 366 712 (licetur,
388 630 442 696 his
460 630 586 715 verbis:
620 626 714 726 Deus
730 642 762 694 te
776 629 915 696 similem
936 632 1051 697 reddat
1064 629 1245 718 Ephraimo
1256 644 1281 694 et

224 738 389 806 Manassi!
404 775 446 788 -
466 735 715 824 etEphraimum
737 734 800 800 hoc
821 737 917 801 modo
933 733 1280 824 anteposuitlllanmri

226 843 301 912 Hoe
320 845 407 916 enim
428 845 536 910 (licere
557 841 629 908 uult
650 856 777 907 auctor:
801 841 957 907 Iacobum
971 844 1039 907 iarn
1052 845 1276 908 itareminsi·

103 1035 106 1046 y
227 955 330 1016 tuisse
352 963 447 1037 atque
466 947 975 1039 benedictionelquasiiussissc,
996 961 1032 1014 ut
1047 949 1270 1036 Ephraimmt

196 1115 202 1121 .
227 1053 402 1122 Manasses
427 1055 511 1120 (luae
529 1054 704 1121 evaderent
729 1058 846 1142 stirpes
866 1053 1111 1134 Israelitarum,
1136 1077 1158 1120 e
1181 1053 1280 1142 quiim

230 1163 358 1250 punem
381 1161 601 1249 ephrataeum
622 1163 726 1226 mator
745 1135 839 1225 fierit
867 1173 962 1248 aque
980 1163 1112 1247 reguum
1126 1163 1283 1248 imperim

150 1279 153 1284 “
229 1265 478 1358 adipisceretur,
518 1268 604 1354 quod
633 1264 806 1332 eonsilium
840 1270 982 1334 auctoris
1013 1289 1091 1332 eum
1116 1265 1287 1341 luculenter

230 1378 338 1465 prodit
352 1374 553 1454 Elohistam,
574 1374 721 1438 instituta
742 1385 924 1458 temporum
945 1365 1109 1442 seriorum
1128 1376 1192 1440 iam
1206 1365 1288 1438 anti·

233 1483 401 1569 quissimis
414 1481 605 1549 tribuentem
625 1478 680 1566 (cf.
697 1499 795 1572 supra
810 1483 898 1565 9.,3,
914 1480 959 1568 2).

290 1750 293 1756 .
720 1725 730 1747 .
782 1677 844 1750 to.
881 1711 885 1716 ·

130 1769 131 1772 Ἴ
234 1807 567 1890 Iacobusfils'ussue's
579 1671 1282 1896 affalduefauetopreeaturetssontu·
1351 1869 1352 1918 p

238 1935 242 1942 ¹
321 1951 430 2020 Etiam
441 1951 477 2034 in
495 1949 599 2037 eapite
612 1953 655 2014 49
677 1947 769 2016 ouius
783 1948 960 2016 secundum
977 1962 1213 2039 argumentum
1227 1951 1280 2015 lus
1352 1947 1353 2006 l

230 2048 393 2128 'faciemus
420 2057 581 2120 sectiones
611 2055 816 2121 diiudicando
839 2075 906 2121 nou
930 2077 1104 2145 possumus
1133 2059 1221 2145 quin
1240 2053 1288 2120 ullu
1353 2025 1354 2100 l

146 2187 151 2198 ·
236 2184 372 2254 prorsus
394 2163 589 2260 sentiamus,
612 2174 737 2228 autres
759 2161 810 2230 illi
833 2183 915 2250 quos
936 2169 1037 2250 saepe
1059 2166 1288 2229 nominavimus
1351 2103 1356 2250 l

237 2261 441 2355 interpretes.
481 2266 624 2336 Asrauc
638 2279 670 2333 et
682 2268 862 2336 Ercuuoau
875 2270 910 2332 in
923 2289 962 2332 eo
976 2274 1201 2350 consentiunt,
1224 2266 1288 2358 quul
1356 2259 1358 2392 q

239 2397 272 2442 v.
290 2365 406 2440 1-228
429 2372 647 2466 alchuvista,
677 2395 710 2440 u·
733 2379 875 2444 29-33
898 2373 939 2440 ab
956 2374 1105 2446 Elohista
1126 2375 1293 2463 repetenda

237 2495 368 2571 putant3
396 2477 504 2547 lucau
518 2501 597 2546 vero
619 2492 721 2544 totum
737 2495 832 2568 caput
846 2483 930 2546 inter
944 2477 1025 2546 duos
1041 2502 1121 2545 suos
1134 2471 1293 2547 Elohistus

240 2590 370 2668 dividit,
391 2599 515 2677 partem
529 2585 669 2678 aliquam
687 2589 855 2657 commatis
866 2589 963 2674 primi
976 2599 1007 2652 et
1023 2607 1054 2653 v·
1070 2591 1205 2653 29-33
1228 2585 1294 2653 Elo-

240 2695 345 2762 histee
361 2697 467 2784 primo
478 2737 489 2774 ,
510 2693 635 2782 reliqua
651 2693 793 2762 secundo
813 2691 969 2760 tribuens.
1038 2778 1042 2785 1

695 2801 783 2852 Sectis
804 2797 848 2854 63.

332 2889 453 2956 Genea.
472 2885 610 2968 XLIX,
641 2892 772 2955 1-27.
796 2889 911 2960 uulsis.
954 2885 1048 2954 Haec
1071 2890 1184 2953 omnia
1207 2887 1298 2954 verba

241 2995 475 3064 benedictionis
489 3008 643 3084 paternae
660 2998 780 3082 optime
793 2998 877 3064 iuter
890 3015 926 3059 se
947 2995 1137 3073 cohaerent,
1159 2998 1296 3083 exceptio

244 3071 368 3167 ulnam
389 3123 471 3189 quae
498 3124 530 3168 v.
555 3107 595 3166 18
623 3101 791 3192 leguntur:
828 3099 999 3167 Auxilium
1024 3113 1114 3165 tuum
1137 3115 1294 3190 exspecto,

243 3208 383 3273 lehara!
405 3231 549 3296 quaeque
567 3211 700 3296 glossae
721 3192 965 3292 antiquissimae
987 3207 1124 3272 forsitan
1147 3209 1296 3294 acompi-

230 3311 349 3398 'lator‘e
365 3316 439 3402 ipso
456 3317 584 3381 additae
602 3319 743 3404 speciem
760 3312 888 3379 habent
908 3313 1015 3380 Dictio
1029 3312 1126 3379 huius
1142 3315 1295 3400 poematis

247 3423 322 3507 quia
343 3423 470 3507 poetica
487 3434 554 3502 est,
577 3425 755 3512 comparari
778 3419 861 3484 elias
884 3442 956 3488 oum
972 3442 1122 3487 sermone
1136 3419 1296 3486 Elohistac

247 3528 397 3614 prosaico
414 3528 540 3616 nequit,
567 3517 634 3593 nisi
654 3529 740 3618 quod
760 3548 792 3593 u.
807 3533 838 3591 2.
854 3511 886 3592 7.
906 3531 957 3604 16.
981 3533 1023 3591 24
1042 3528 1140 3591 etlam
1166 3526 1294 3614 legimur

249 3632 382 3730 5³3⁸!le
405 3645 438 3696 et
452 3635 537 3720 quod
552 3653 792 3722 nonnumquam
812 3633 1009 3719 tautologia,
1031 3653 1097 3698 non
1112 3631 1235 3719 ubique
1249 3651 1291 3720 pu·

248 3735 427 3803 rallclismo
450 3741 577 3826 poetico
607 3739 793 3831 tribuenda,
824 3760 885 3805 nos
908 3739 1042 3807 offendit
1066 3741 1130 3821 (cl.
1151 3746 1205 3804 24.
1233 3739 1299 3818 2⁸).

250 3841 364 3930 Neque
380 3856 487 3908 tamen
509 3847 626 3911 desunt
640 3847 779 3932 vestigia
795 3847 865 3910 eius
881 3844 1018 3924 indolis,
1044 3867 1107 3934 qua
1125 3845 1299 3911 Elohistam

252 3952 385 4036 saepius
406 3953 747 4036 insignemvidimus,
770 3955 961 4038 praesertim
984 3952 1050 4018 oulii
1073 3956 1107 4017 in
1126 3950 1299 4024 liubanem,

253 4054 438 4122 Simeonem
456 4069 488 4121 et
499 4057 655 4136 Levium,
681 4070 713 4123 et
728 4059 848 4122 amoris
864 4060 898 4121 in
912 4056 1042 4124 ludam:
1065 4077 1096 4125 uz
1113 4068 1135 4124 4
1151 4062 1237 4123 euim
1257 4057 1301 4121 di·

254 4164 350 4226 sertis
373 4161 482 4228 verbis
510 4165 672 4252 respicere
698 4185 760 4229 nos
789 4162 878 4228 iubet
897 4177 1008 4229 auctor
1031 4167 1078 4230 aul
1095 4177 1300 4230 commentum

256 4287 349 4332 suum
372 4269 412 4335 de
434 4265 590 4350 Bubeno,
620 4268 841 4338 rem‘habentc
859 4291 931 4336 curn
946 4267 1059 4349 Bilha,
1083 4291 1187 4340 uxore
1200 4265 1302 4336 lucebi

423 4375 426 4385 ι
542 4361 554 4390 Ι
921 4359 927 4363 ”
