2718 4914
283 361 391 442 ΜΒ.
423 354 575 424 Gener.
595 349 769 444 XLVIII,
789 366 904 434 1-22.
996 417 997 420 ,
1070 373 1132 446 115
1186 322 1189 328 ¹

52 552 169 610 na0a3
192 551 256 620 qua
277 548 315 602 re
327 528 376 607 etl,
391 527 575 616 sepulcrum
586 531 720 618 respicit
730 555 790 620 per
802 533 1024 608 Abrahsntum
1038 561 1128 616 com.

36 655 232 732 ,paratum
261 639 302 704 de
317 649 383 724 quo
398 635 549 708 Elobista
568 641 712 706 narravit
727 640 846 716 (lenes.
860 649 920 724 23,
946 651 1051 716 1-20
1070 653 1125 737 (of.

54 771 166 836 snpra
186 752 218 828 ξ.
233 751 283 812 24
297 757 329 810 et
345 741 465 810 Gener.
481 747 541 825 25,
562 751 583 812 9
602 769 671 836 sqq.
692 751 752 830 35,
775 755 828 814 29.
849 757 904 828 49,
926 755 1003 834 tt),
1025 758 1071 820 ita
1089 767 1126 826 nt

53 876 183 922 norum
196 852 487 924 hoctostimonium
499 854 605 940 putari
617 858 723 942 possit
733 878 792 946 pro
806 855 869 924 boo
883 858 1065 946 fragmento
1078 863 1121 932 ab

30 961 213 1038 Eloltista
227 957 414 1046 repetendo.

149 1172 266 1238 (leret.
280 1169 487 1253 invitm
497 1085 721 1246 sdbflonlzlbtt
745 1173 948 1264 Quamquam
967 1181 1133 1268 disquisi-¹

58 1285 196 1362 tionem,
215 1294 323 1345 utrum
342 1278 407 1344 hnc
418 1282 633 1368 fragmentum
648 1304 746 1348 unam
758 1295 883 1351 tantum
897 1288 994 1354 unius
1009 1299 1120 1354 auoto-

53 1391 102 1456 ris
120 1412 167 1454 an
187 1390 296 1454 varias
317 1390 481 1455 variorum
499 1391 663 1454 continent
684 1391 892 1470 traditiones,
923 1407 1117 1463 commenta·

51 1503 116 1566 riis
141 1495 368 1565 enucleans-n
388 1494 616 1582 relinquimus,
650 1494 703 1560 bio
722 1506 829 1566 temen
850 1510 997 1570 nostrum
1022 1513 1116 1592 puta·

20 1600 22 1604 ¹
51 1627 129 1672 mus
147 1615 344 1680 monstrare,
366 1604 475 1666 omnia
492 1600 544 1666 bio
558 1616 684 1690 reperta
698 1599 867 1666 Elohistae
881 1603 1004 1670 deberi.
1037 1604 1114 1669 Sin·

49 1712 186 1800 gulosi
205 1720 350 1796 spectas,
372 1728 439 1771 non
448 1705 551 1773 modo
565 1730 597 1773 v.
612 1715 631 1774 3
644 1707 772 1794 legitur
794 1714 855 1794 {vi
880 1709 943 1804 its,
974 1711 1032 1776 sed
1052 1697 1113 1798 per

45 1829 152 1882 totum
173 1817 270 1879 etiam
291 1825 386 1898 caput
409 1805 504 1900 quum
525 1819 717 1902 saepissime
739 1799 870 1916 bripipz,
893 1839 926 1884 v
948 1823 979 1881 2
996 1821 1027 1882 3.
1054 1821 1107 1884 10

47 1929 99 1988 11.
116 1927 168 1986 13.
185 1926 235 1984 14.
251 1921 304 1983 20.
320 1925 382 1994 21;
413 1920 478 1986 alia
495 1921 597 1994 multa
616 1919 808 2008 prodibunt,
833 1925 863 2001 si
881 1933 1012 2010 potitam
1032 1945 1108 1988 nar·

47 2041 173 2094 rantem
198 2028 425 2092 audiverimus
480 2026 641 2114 Iosephus
664 2030 780 2092 certior
806 2025 920 2095 laetus
940 2032 980 2096 de
1003 2032 1105 2119 patris
1152 2084 1155 2087 .

46 2111 175 2222 morbo,
195 2156 268 2199 cum
289 2131 368 2198 filiis
389 2136 457 2199 suis
472 2133 649 2220 Ephralmo
667 2146 699 2197 et
712 2129 870 2200 Manasse
890 2158 1002 2202 senem
1024 2136 1103 2214 adit,

43 2263 99 2330 qur
89 2241 169 2306 his
185 2239 294 2306 verbis
319 2239 424 2304 filium
444 2239 618 2328 alloquitur
639 2246 686 2326 (v.
705 2245 757 2329 3):
788 2241 881 2308 Dens
898 2245 1102 2336 omnipotens

42 2348 125 2418 mibi
145 2349 295 2434 apparuit
315 2348 352 2410 in
368 2348 501 2432 regione
515 2345 612 2417 Lus
601 2370 636 2414 ιιι
649 2360 739 2426 'terra
755 2347 951 2414 Canaanaea
975 2362 1009 2412 et
1026 2347 1101 2418 fau-

42 2469 95 2522 sta
110 2455 189 2520 mihi
202 2454 352 2542 promisit
370 2449 422 2518 his
437 2452 547 2520 verbis
571 2461 617 2536 (v.
632 2457 684 2542 4):
713 2455 891 2538 Fetifioabo
904 2467 936 2522 to
950 2467 982 2521 et
997 2476 1098 2540 anga-
1162 2443 1167 2452 ’

36 2563 83 2642 bo
100 2574 133 2627 et
154 2559 313 2638 officiam,
342 2572 377 2624 ut
399 2581 518 2644 magna
539 2563 659 2629 evadas
676 2561 868 2652 populorum
886 2578 1033 2642 caterva,
1064 2573 1097 2628 et

34 2669 122 2734 hano
145 2681 272 2740 terram=
287 2665 346 2730 tibi
367 2667 571 2754 posterisque
592 2669 658 2757 ¹tuis
678 2668 781 2750 dabo,
803 2682 838 2733 ut
855 2661 1096 2757 inperpetuum

30 2797 108 2844 enm
125 2773 337 2863 possideatis.
379 2769 552 2858 Respicere
569 2794 630 2838 nos
651 2773 741 2838 iubet
756 2773 905 2848 Elohista
921 2778 963 2841 ad
980 2796 1091 2839 narra·

29 2888 155 2950 tionem
174 2901 269 2944 snam
291 2877 410 2950 Genes.
432 2882 493 2954 35,
515 2885 641 2968 9sqq.,
671 2880 728 2945 ubi
746 2879 854 2948 Deum
873 2885 951 2948 feeit
974 2882 1088 2947 eadem

26 2992 101 3061 fere
114 2987 215 3052 verba
227 2989 263 3052 in
278 2985 352 3050 loeo
366 2981 518 3050 Beth-El
538 2987 604 3074 (qui
618 2998 670 3050 est
680 2986 763 3075 Lus)
778 2988 896 3055 lacobo
912 2991 1087 3066 dicentem3
1175 3036 1179 3050 ,

25 3097 73 3164 cf.
88 3097 184 3162 etiam
206 3115 305 3180 supra
325 3097 355 3173 ᾗ.
370 3097 404 3180 3,
423 3078 456 3170 b,
478 3091 534 3168 ubi
551 3091 679 3180 reliqua
699 3093 902 3170 laudavimus
917 3092 1089 3160 Elohistae

21 3205 123 3280 loca,
153 3221 236 3288 quae
262 3200 376 3264 eadem
401 3199 557 3266 exhibent
579 3199 690 3266 verba.
731 3201 886 3268 Eiusdem
906 3201 1020 3286 capitis
1042 3200 1084 3262 35

21 3331 144 3380 comm.
164 3311 204 3372 16
218 3327 286 3392 sqq,
301 3307 450 3392 indigitat
467 3327 586 3386 senex,
610 3307 663 3372 hio
677 3329 708 3372 v.
724 3310 744 3372 7
762 3308 801 3371 de
815 3305 968 3372 Rachelis
980 3316 1084 3370 morte

21 3419 138 3484 dicens
159 3413 220 3499 (ef.
241 3434 340 3499 supra
359 3416 388 3493 ξ.
404 3415 466 3492 35,
488 3425 565 3480 sect.
587 3415 669 3500 45),
686 3427 817 3502 propter
833 3416 923 3480 ouius
939 3433 1083 3482 amorem

17 3505 156 3610 Iosopbi
176 3518 265 3587 filios
283 3521 434 3606 adoptare
454 3521 592 3604 videtur.
635 3517 751 3591 Pueris
773 3521 887 3586 deinde
907 3522 948 3588 ad
968 3539 1081 3584 senem

18 3629 170 3696 adductis
185 3628 236 3712 (v.
255 3627 403 3712 8-14),
415 3639 491 3713 post
511 3626 708 3716 colloquium
730 3627 769 3704 de
791 3629 833 3709 iis
849 3648 922 3692 oum
936 3625 1078 3712 losepbo

17 3735 167 3810 habitum
194 3731 333 3824 Iaoqbus
361 3732 539 3815 benedicit,
569 3735 870 3802 numerosissimam
894 3736 935 3800 iis
961 3737 1077 3820 optans

14 3842 208 3930 progeniem
223 3839 267 3925 (v.
279 3844 330 3903 15.
346 3845 411 3920 16),
431 3852 463 3904 et
477 3861 497 3904 a
511 3839 650 3933 Iosepbo
666 3842 861 3918 admonitus,
877 3861 917 3904 no
928 3841 1076 3904 dextram

15 3951 165 4034 imponat
184 3948 280 4032 capiti
303 3958 381 4010 natu
401 3947 556 4027 minoris,
576 3947 759 4036 Ephraimi,
799 3947 962 4010 sinistram
979 3947 1076 4032 capiti

13 4065 97 4118 natu
115 4054 267 4130 maioris,
290 4049 482 4132 Manassae,
514 4065 671 4140 negatae
692 4053 972 4132 aliterfaoturum,
999 4053 1075 4138 quia

12 4159 212 4248 Ephraimus
234 4156 408 4248 aliquando
432 4160 559 4225 futurus
582 4164 626 4226 sit
647 4161 787 4250 populus
810 4161 952 4226 fraterno
969 4157 1073 4221 maior
1129 4209 1139 4218 .

13 4269 63 4349 (v.
89 4256 245 4352 tr-to);
270 4261 419 4352 additque
439 4262 519 4332 haec
540 4276 656 4354 potita,
680 4291 711 4335 v.
729 4271 787 4334 20:
811 4265 866 4334 Sic
880 4264 947 4330 illis
962 4265 1071 4332 fausta

640 4380 660 4440 8
683 4381 698 4414 fl
