2740 4916
163 435 192 458 N„
259 373 304 436 34
455 367 586 450 §.aa
632 313 781 428 'celtes
801 357 953 450 XXVII,
974 365 1087 433 1-46.

258 535 456 627 persuadere
486 533 583 600 nobis
611 536 716 620 cupit,
746 529 900 626 5lsaacum
927 530 1187 598 benedictionem
1216 533 1326 620 impo-

232 643 238 654 ’
261 646 344 710 steri
365 642 472 707 datam
493 661 646 705 revocare
668 642 819 726 atque'in
844 638 950 704 filium
970 641 1226 724 primogenitum
1245 661 1326 706 con-

185 747 190 762 ‘
260 757 385 816 vertere
409 769 475 812 non
497 741 661 833 potuisse,
692 745 777 830 quod
804 747 931 830 quidem
952 743 1102 808 lsaacum
1126 747 1240 831 ipsum
1266 746 1326 812 sibi

259 856 402 924 finxisse
424 870 489 918 non
511 853 617 936 magis
640 853 727 916 credi
756 863 880 938 potest,
916 871 1012 936 qnam
1034 850 1224 938 patriarcba
1255 835 1325 919 iati-

260 965 372 1040 dicus,
405 959 577 1023 enuntians
606 958 856 1022 dominationem
884 955 1105 1021 lsratilitarum
1130 958 1168 1019 in
1189 957 1324 1023 Edomi·
1365 985 1367 1028 t

259 1082 333 1146 tas,
364 1065 416 1151 (v.
439 1070 503 1145 29)
533 1085 615 1150 quae
644 1065 772 1128 demum
784 1062 920 1128 ,Davide
950 1075 1107 1148 regnante
1130 1065 1268 1143 evcnit,
1297 1079 1323 1130 et

258 1176 428 1242 Edcmitas
449 1169 645 1235 rebellantes
666 1183 700 1234 et
722 1173 835 1255 iugum
855 1172 1056 1234 excutientes
1080 1171 1131 1249 (v.
1156 1170 1251 1253 40),
1278 1178 1320 1256 qui
1366 1217 1367 1220 ,

258 1281 388 1348 Iorento
419 1278 548 1342 demum
579 1273 660 1340 filio'
682 1275 847 1362 losaphati
874 1273 1113 1360 Hierosolymis
1140 1277 1315 1360 imperante

195 1380 199 1388 '
259 1386 454 1466 deiecerunt.
497 1383 563 1448 Sed
582 1386 657 1451 iam
678 1367 721 1444 acl
749 1365 965 1448 narrationem
991 1391 1204 1452 revertamur.
1249 1384 1308 1447 lisc-

225 1492 231 1496 ”
258 1513 341 1569 vus,
373 1492 642 1568 ira-commotus,
672 1490 829 1564 minatur,
859 1488 990 1576 fratrem
1018 1507 1097 1574 asc
1117 1489 1297 1556 interfector

258 1600 322 1673 iri3
352 1595 500 1662 Rebecca
520 1617 602 1660 vero
626 1593 731 1660 filium
753 1591 903 1658 dilectum
924 1595 1091 1676 admonet,
1126 1605 1165 1656 ιιι
1190 1596 1238 1660 ad
1262 1597 1297 1660 br
1366 1673 1367 1686 ἶ

57 1700 60 1711 “
201 1756 205 1771 t
258 1717 341 1770 trem
372 1691 477 1768 Ιιιιιιιιιι
509 1701 677 1767 Labancm
715 1699 901 1786 confugiat*
916 1700 1027 1788 ibique
1054 1712 1209 1780 mancat,
1254 1704 1306 1766 dnn

257 1812 359 1877 irater
378 1814 422 1876 sit
439 1819 574 1896 pacatus
595 1811 641 1888 (v.
654 1811 725 1870 41·-
739 1799 811 1892 45);
838 1803 952 1872 Isaaco
973 1807 1179 1871 autemdicit
1197 1807 1245 1892 (v.
1253 1811 1308 1894 4313

256 1917 367 1984 Vitae
384 1938 436 1982 me
455 1913 571 1978 taedet
598 1923 728 2010 propter
753 1909 841 1977 filias
863 1897 1084 1980 Chittaeorum
1107 1917 1165 1997 (ιι,
1165 1887 1214 2000 133
1234 1931 1311 2012 cnsp

257 2039 308 2111 ιιι,
331 2031 408 2090 nir:
431 2024 540 2120 arcun
573 2002 658 2106 quod
673 2021 710 2082 si
729 2017 867 2084 lacobus
888 2039 1015 2104 quoque
1033 2040 1173 2086 uxorem
1194 2003 1310 2088 duceret

160 2149 163 2164 ·
259 2095 430 2196 eliliabus
450 2125 681 2206 Chittaeorum,
704 2124 818 2212 quales
839 2124 914 2190 hae
920 2137 1005 2204 sunt,
1028 2149 1046 2190 e
1060 2125 1203 2191 filiabus
1223 2127 1311 2193 huius

191 2217 200 2229 s
256 2237 414 2334 regionis,
437 2255 495 2298 cur
515 2233 645 2299 tandem
665 2232 785 2297 diutim
798 2228 962 2296 riveremi
992 2220 1219 2317 Optime-baec
1240 2256 1311 2320 qua·

257 2344 353 2409 dmm
382 2353 449 2405 tum
476 2339 519 2404 ad
548 2340 785 2414 narrationem,
819 2357 914 2422 quam
941 2339 1036 2403 modo
1058 2335 1214 2424 legimus,
1248 2353 1310 2405 tum

185 2499 188 2506 .
256 2450 299 2516 ad
324 2449 492 2554 superiora
512 2443 643 2530 poe'tac
648 2447 753 2508 nostri
772 2443 964 2528 fragmenta.
1007 2442 1113 2530 Supra
1138 2448 1224 2512 erum
1245 2469 1308 2534 cap

256 2561 319 2632 26,
347 2558 401 2618 34.
420 2525 480 2615 35
493 2551 872 2629 commercialium
893 2570 1015 2615 uxores
1033 2551 1170 2616 duxisse
1196 2553 1304 2619 afilia·

234 2660 318 2726 ,bus
340 2657 579 2736 Chittacorum,
601 2677 683 2742 quac
704 2653 817 2721 Isaaco
836 2667 872 2720 et
891 2653 1058 2722 Rebeccae
1078 2655 1298 2742 displicuerinc
1365 2639 1366 2730 l

255 2775 330 2850 apte
358 2763 458 2847 igitur
485 2775 640 2839 matrem,
680 2764 762 2848 quae
798 2784 864 2827 non
894 2761 989 2828 audet
1019 2763 1127 2826 odium
1164 2786 1230 2851 quo
1253 2759 1366 2829 33

254 2871 340 2938 inter
368 2888 406 2931 se
436 2866 575 2954 flagrant
603 2871 688 2952 patri
715 2869 919 2954 patefacere,
955 2881 1123 2954 praetexto
1151 2869 1218 2937 hoc
1240 2872 1303 2938 lacit

254 2985 418 3054 utentem,
453 2971 514 3038 sub
540 2977 632 3039 cuius
657 2976 765 3060 specie
794 2973 947 3040 Iacobum
972 2971 1245 3062 Mesopotamiam
1268 2977 1306 3041 ti·

254 3083 382 3146 mittere
398 3080 523 3165 possit3
546 3099 650 3164 neque
669 3082 813 3161 veritatis
836 3080 942 3167 specie
964 3080 1072 3166 aliqua
1093 3075 1207 3163 cunct,
1231 3083 1306 3170 quod

253 3185 419 3263 Rebecca,
453 3175 781 3272 aNachoridisipsa
802 3187 937 3252 oriunda
959 3187 1020 3266 (cb
1042 3211 1113 3273 cap.
1135 3195 1202 3269 24)
1223 3203 1306 3276 opta·

252 3295 356 3370 verit,
385 3288 597 3369 utlacobus,
628 3289 717 3354 filius
739 3291 893 3372 dilectus,
916 3293 992 3358 inde
1018 3315 1155 3360 uxorem
1176 3295 1241 3360 sibi
1261 3317 1306 3358 ca·
1363 3345 1364 3362 t

251 3408 353 3486 peret.
397 3395 490 3462 Haec
511 3399 620 3462 omnia
642 3379 783 3467 suadent
799 3401 897 3463 etiam
918 3419 1045 3465 comma
1061 3405 1103 3464 46
1125 3421 1200 3464 oum
1217 3420 1305 3488 prae·

117 3543 121 3554 ι
251 3500 439 3570 cedentibus
455 3489 718 3588 ,coniungendam
738 3516 771 3568 ct
791 3503 975 3570 Iehovistae
997 3527 1071 3572 esse
1096 3504 1304 3576 tribuendum

713 3673 746 3774 i·
777 3679 860 3770 ..30·

250 3808 413 3888 Iacobus,
448 3827 471 3872 c
489 3815 595 3893 patre
625 3807 793 3889 dimicem,
829 3815 865 3873 ιιι
887 3807 1164 3898 Mesopotamiam
1185 3807 1303 3899 profe.

336 3925 452 3982 etcrcc
480 3913 527 3978 cd
554 3919 722 3998 regionem
741 3912 907 3981 cett-Ee
932 3939 1033 4006 utrque
1055 3923 1224 4006 pervenit.

137 4041 144 4053 ⁴
198 4067 201 4080 '
325 4047 474 4137 Singula
488 4049 517 4112 si
530 4068 754 4134 comparamus
775 4051 958 4136 frugrnenta
977 4071 1061 4142 quae
1081 4056 1157 4120 iude
1178 4074 1199 4117 a
1218 4053 1301 4137 prin·

247 4161 332 4246 cipio
353 4177 425 4244 cap.
445 4157 487 4220 28
508 4151 670 4219 adfinem
690 4177 793 4243 usque
817 4145 889 4244 cap.
914 4159 955 4224 35
982 4173 1177 4248 sequuntur,
1201 4157 1298 4242 magis

167 4351 172 4358 Ι
248 4267 416 4354 magisque
438 4255 647 4330 confirmatur
673 4264 835 4349 suspicio,
870 4264 910 4331 de
936 4263 1070 4332 historia
1093 4261 1201 4332 iacobi
1221 4259 1296 4350 opud
