2718 4914
749 79 758 146 t

822 191 864 275 ὕ
1178 313 1179 316 ,

242 365 271 441 t·
292 363 345 426 ec.
390 345 538 430 oense.
561 364 737 436 arrum
754 393 776 437 a
795 387 826 470 a
849 325 907 437 cs
1001 405 1005 424 ·
1044 365 1087 449 cs
1112 465 1114 472 y

21 523 183 608 efficiunt,
205 550 288 617 qnae
308 533 355 597 uti
373 531 459 598 aliae
480 531 604 626 similes
624 539 679 617 (cf.
697 545 726 621 §-
743 545 773 625 5,
793 549 822 610 t.
840 551 883 628 3)-
899 567 964 614 non
979 550 1089 642 inepta

23 633 230 720 compilatori
259 635 427 702 tribuetur.
477 637 572 722 Quod
604 643 761 730 reliquum
790 659 843 716 ‘est
868 656 1036 724 commatis
1062 667 1106 728 2·

23 763 79 824 per
101 737 317 826 tautologiam
339 755 379 806 et
392 763 509 809 nomen
536 749 641 852 bapti}
665 753 718 836 (of.
745 759 773 835 ξ.
796 761 828 836 3,
854 765 869 822 1
895 770 927 824 et
947 767 975 842 ξ.
999 770 1031 845 3,
1052 773 1085 834 6.
1192 827 1195 836 ,

28 851 65 925 c.)
88 843 275 910 Elohistam
300 849 441 934 prodens
465 864 648 935 auctorem,
676 853 817 958 huic-'eo
845 863 997 935 libentius
1025 877 1085 940 tri·
1154 917 1156 924 s

25 947 175 1028 buimus,
208 973 270 1037 quc
293 956 503 1022 rectiustum
526 959 645 1058 duplex
665 964 803 1049 duplicis
825 974 1004 1044 traditionis
1028 1001 1084 1076 su-

26 1059 70 1118 mi
88 1059 207 1141 poterit
227 1077 347 1134 causa,
381 1081 438 1123 eur
463 1062 579 1128 fratres
606 1065 779 1172 Iosepirum
803 1077 877 1142 odio
902 1079 1083 1174 habuerint,

31 1164 107 1246 apud
139 1135 324 1228 filoliistam
354 1166 559 1248 calumniae,
593 1174 677 1274 a'pud
697 1173 903 1249 'lehovistam
931 1192 1083 1277 superbia

33 1269 225 1334 insomniis
252 1274 392 1336 sinuatis
419 1287 606 1339 monstrata.
651 1275 747 1354 Quod
770 1287 950 1357 dictionem
964 1299 1082 1367 commi

31 1377 141 1440 3et4
163 1377 295 1454 attinet,
331 1398 371 1440 ea
399 1391 529 1466 propter
560 1382 732 1476 verbulum
760 1395 884 1478 copiam
912 1401 1081 1474 Elohistau

10 1462 246 1560 tribueremus,
271 1484 306 1547 in
322 1485 428 1552 medio
442 1507 519 1551 vero
540 1487 740 1575 reliquimus
760 1501 834 1581 quia
856 1507 1080 1590 argumentum

33 1587 73 1648 de
100 1587 203 1665 tunica
225 1585 357 1672 Iosephi
376 1593 536 1656 manicata
562 1595 606 1658 ad
626 1608 793 1688 utrumque
812 1612 947 1692 quadrat
968 1633 1081 1684 aucto·
1115 1649 1138 1669 -’

36 1711 110 1754 rem.
139 1691 277 1771 Somnia,
295 1714 327 1757 v.
344 1697 461 1780 5-11,
480 1705 762 1788 ¹quatenusrerum
775 1712 970 1784 mirabilium
986 1745 1078 1790 arno·
1146 1719 1150 1744 ¹

39 1817 99 1860 ren
116 1799 251 1884 produnt
268 1796 451 1867 lehovistae
465 1811 630 1893 proprium
648 1810 705 1896 (cf-⁴
723 1835 820 1904 supra
842 1825 871 1902 ξ.
886 1832 919 1905 4,
936 1829 980 1914 2),
1003 1831 1080 1900 huie

34 1921 91 1966 non
117 1907 224 1969 minua
251 1919 327 1970 sunt
354 1908 539 1990 tribuenda,
581 1935 677 1999 quam
706 1919 812 1987 c'etera
840 1927 898 1994 illa
937 1942 1076 2021 somnia‘,

34 2029 108 2093 quac
126 2009 294 2077 lehovista
317 2013 407 2080 solus
429 2039 498 2104 cap.
519 2022 562 2081 40
584 2032 616 2084 et
635 2028 674 2086 41
698 2025 853 2097 historiae
872 2035 1004 2128 Iosephi
1025 2049 1078 2111 in·

35 2117 128 2180 semit.
175 2107 270 2192 Quae
288 2141 319 2182 v.
343 2127 417 2184 12-
429 2125 474 2185 17Δ
491 2140 661 2192 narrantur
678 2132 719 2196 de
738 2133 879 2226 Iosepho
900 2149 941 2210 ad
959 2144 1077 2220 fratres

31 2226 173 2290 visendos
196 2227 308 2306 misso,
331 2228 361 2291 si
381 2237 603 2312 argumentum
624 2239 772 2322 respicis,
796 2243 837 2306 ab
858 2261 992 2340 utroque
1016 2280 1076 2324 au·

28 2343 104 2396 ctcre
132 2345 265 2396 nauata
293 2355 368 2398 esse
392 2346 546 2420 possunt;
577 2343 635 2406 sed
657 2341 827 2412 hicetiam
847 2374 876 2417 v.
894 2363 936 2422 ta
957 2361 1077 2448 legitur

27 2457 134 2504 nomen
166 2439 285 2528 bauto),
314 2452 347 2504 et
373 2444 475 2504 oratio
504 2463 525 2508 a
553 2447 732 2546 tautologia
760 2453 953 2546 Elchistae,
978 2493 1075 2557 quem

26 2541 75 2607 illa
94 2563 167 2618 vox
184 2557 347 2609 auctorem
367 2549 503 2627 indicat,
536 2570 601 2615 nou
630 2567 680 2619 est
706 2557 831 2645 aliena3
864 2565 948 2637 hunc
976 2579 1075 2662 igitur

26 2651 50 2713 si
76 2652 181 2715 curnis
211 2665 391 2733 auctorem,
426 2657 602 2740 putandum
629 2673 697 2741 est,
731 2664 927 2744 lehovistam
954 2680 1074 2752 similia

26 2757 164 2822 eiusdem
193 2757 261 2822 iere
282 2763 481 2844 argumenti,
511 2783 532 2825 a
562 2767 770 2854 compilatore
798 2799 970 2868 oppressa,
996 2801 1077 2858 nas.

23 2882 115 2927 rasse.
165 2860 292 2929 Deinde
311 2856 397 2932 credi
418 2871 538 2954 nequit,
560 2891 642 2963 eom.
665 2882 704 2941 18
727 2879 768 2946 ab
787 2907 826 2949 eo
848 2905 978 2960 auctore
997 2920 1074 2986 prc-

24 2963 130 3032 fectum
157 2989 251 3049 esse,
282 2975 333 3057 qui
350 2971 482 3038 comma
506 2981 545 3042 19
567 2990 599 3043 et
619 2985 670 3045 20*
683 2991 861 3077 scripserit3
889 3001 989 3091 igitu'r
1005 3010 1074 3093 pri-

23 3091 99 3140 mum
119 3073 208 3174 illud
223 3076 390 3144 Eloiristae
411 3083 579 3165 tradimus,
601 3108 682 3154 com.
704 3099 743 3159 19
765 3111 796 3162 et
808 3106 850 3164 20
868 3125 957 3187 vero,
976 3133 1071 3197 prae·

23 3183 121 3246 sertim
149 3183 225 3266 quia
251 3185 291 3248 de
316 3191 449 3252 somniis
478 3191 657 3259 sermo'est
682 3212 714 3264 et
735 3209 838 3270 oratio
862 3211 974 3278 denuo
985 3218 1069 3302 infit,

21 3277 217 3363 leheristae3
247 3291 437 3396 compilator
457 3309 563 3362 autem
585 3307 707 3387 exiis,
731 3331 912 3397 quaemus
931 3343 1071 3410 sequun-

22 3399 80 3471 tur,
110 3395 280 3461 addidisse
308 3395 434 3466 videtni
466 3404 566 3470 verba
599 3429 619 3472 a
650 3413 757 3480 nobis'
774 3426 898 3488 uncinis
926 3423 1070 3502 inclusa:

22 3508 48 3558 et
66 3502 277 3566 coniiciarnus
295 3526 370 3591 enm
386 3509 424 3571 in
445 3509 612 3580 fovearum
639 3539 753 3602 unam,
782 3543 895 3613 postea
923 3540 1008 3603 enim
1030 3545 1069 3609 de

22 3606 107 3669 nniea
135 3619 260 3677 tautrrm
286 3611 384 3676 fovea
403 3605 602 3710 ⁴(Cisternas)
631 3631 736 3694 senno
759 3647 819 3724 est.
861 3635 937 3725 Non
963 3637 1076 3733 magis

24 3709 107 3774 etiarn
137 3709 256 3779 Redeo
285 3721 469 3808 utriusque,
502 3740 535 3792 et
560 3733 598 3796 21
629 3733 672 3798 et‘
689 3739 747 3815 22,
780 3751 948 3812 commatis
969 3754 1070 3820 verba

26 3813 108 3881 aiunl
136 3819 262 3887 dixisse
288 3839 411 3911 potest3
446 3834 636 3920 compilator
657 3854 781 3924 autem,
819 3861 854 3913 ut
874 3875 913 3916 aa
936 3861 1070 3924 coniun-

22 3935 113 4000 geret,
135 3928 314 4016 tautologia
333 3935 470 4018 quadam
492 3959 617 4006 comma
632 3951 672 4010 22
694 3955 826 4017 auxisse
848 3957 1070 4036 videtur3'ne-

22 4041 75 4104 que
96 4032 195 4096 nirnis
226 4039 377 4105 audacter
404 4046 562 4111 coniicere
590 4050 685 4118 nobis
711 4059 871 4141 videmur,
903 4067 932 4128 si
961 4073 1070 4158 suspi-
1119 4111 1130 4142 ,-

20 4145 135 4213 eamur,
155 4142 291 4208 eundem
306 4150 402 4214 etiam
420 4151 660 4238 compilatorem
680 4184 711 4228 v.
723 4169 761 4228 21
786 4165 902 4232 Redeo
917 4180 1073 4255 posuisse

19 4249 75 4318 pro
98 4237 205 4332 leda,
244 4257 387 4340 quorum
410 4262 623 4344 posteriorem
651 4271 736 4356 apud
764 4271 949 4345 Elohistam
973 4266 1075 4378 saep'a
1130 4284 1134 4295 ’
