2718 4914
160 445 162 450 ἲ
294 373 336 434 98
505 369 596 448 5039.
645 365 792 432 Gener.
807 365 1011 449 XXXVIII,
1034 365 1147 436 1430·

212 580 215 587 ·
297 539 464 606 mortariis
484 539 607 604 nostris
624 539 731 604 tostus
751 541 813 604 erit
832 539 1130 604 demonstrandum
1143 509 1207 626 ,ut
1220 540 1294 624 dirqui-

158 729 159 732 ,
299 629 450 714 titionem
477 657 622 710 nostrom
642 657 765 712 tantum
788 631 943 732 pertinet,
978 645 1066 731 quod
1088 631 1223 708 Elolristu
1240 643 1295 708 iuiu

299 755 414 843 capitis
436 773 473 816 re
499 752 605 838 prodit
623 761 803 833 auctorem,
839 753 914 844 quia
933 765 1058 814 morem
1078 749 1170 814 illum
1188 753 1294 836 autiqum

297 863 485 931 viduarum,
513 870 592 943 pout·
618 869 753 920 mortem
782 859 890 921 mariti
912 856 1015 921 leviro
1044 873 1106 920 suo
1130 855 1181 937 (h.
1195 877 1218 920 c.
1234 860 1292 919 maii

296 969 405 1047 tratri)
436 961 640 1042 nubentium,
678 961 877 1049 temporibus
904 965 1032 1028 demum
1060 961 1155 1027 exilii
1176 963 1223 1048 (cl.
1242 961 1285 1026 Du

297 1081 351 1156 25,
372 1078 391 1138 5
409 1071 489 1156 sqq.)
507 1067 582 1153 lege
596 1068 783 1151 stabilitum,
804 1062 1001 1157 temporibus
1015 1067 1130 1134 Iacobi
1141 1071 1231 1148 tradit,
1245 1069 1288 1152 qul

209 1219 217 1236 ·
299 1184 366 1247 i'am
386 1189 456 1240 tum
476 1173 551 1259 lego
570 1174 687 1238 luisset
706 1187 849 1255 cautum,
884 1195 924 1240 ne
945 1179 1017 1262 quis
1040 1175 1128 1242 huuc
1147 1197 1243 1242 morou
1255 1173 1290 1236 ta

300 1287 400 1352 deret
444 1278 564 1346 Narrat
589 1282 674 1344 euim
700 1289 815 1366 potita,
844 1278 958 1367 Iudam
978 1279 1177 1346 Thamarem
1195 1279 1240 1347 filit
1256 1299 1289 1341 uo

301 1403 380 1456 uatu
407 1390 551 1452 maximo
579 1407 716 1450 uxorem
751 1387 900 1465 dedisse,
940 1389 1075 1467 deiude,
1113 1399 1188 1474 post
1210 1388 1285 1472 qiam

301 1507 479 1574 mortuum,
512 1491 587 1559 filio,
603 1493 763 1564 secundm
791 1510 854 1579 quo
876 1495 973 1557 etiam
997 1505 1129 1560 mortuo
1149 1508 1247 1583 putrtu,
1261 1491 1283 1551 fi·

301 1611 440 1666 mentem
459 1621 500 1662 ne
518 1603 630 1664 tertius
651 1611 776 1685 quoque
792 1611 982 1679 moreretur,
1006 1597 1201 1666 Thamarem
1213 1599 1285 1664 iuria

190 1777 191 1784 ,
301 1711 430 1775 domum
465 1708 567 1792 patris
603 1703 693 1769 abire
710 1790 712 1795 .
730 1705 924 1792 viduamque
951 1717 1103 1788 manere,
1145 1709 1212 1774 dum
1229 1703 1287 1767 tcu'u

299 1803 389 1882 filios
412 1833 485 1876 eam
506 1813 621 1875 ducere
638 1821 751 1896 posset
771 1809 815 1895 (v.
837 1805 986 1894 1--11).Ι
1009 1813 1062 1878 Ειι
1086 1817 1218 1881 studium
1230 1808 1284 1874 liri·

300 1936 389 2000 stac,
413 1921 569 1982 seriorum
592 1929 771 2003 temporum
790 1919 937 1981 instituta
958 1923 1190 2004 antiquissimis
1206 1911 1281 1983 autad

300 2029 405 2112 (εις.
429 2029 501 2101 3,2
505 2023 538 2105 .).
571 2019 716 2086 Thamar
738 2023 871 2102 deiude,
894 2026 943 2089 sio
960 2027 1067 2112 porgit
1089 2027 1282 2103 Elatium

297 2122 458 2209 videret,
472 2149 508 2196 se
529 2131 660 2194 viduum
684 2127 842 2217 relinqui,
875 2145 1069 2218 cuperetque
1089 2133 1248 2198 orbitatiu'
1241 2145 1287 2212 rgut

299 2241 431 2304 minium
460 2259 481 2300 a
505 2257 541 2299 sc
567 2239 687 2315 averti,
721 2257 869 2314 socerum
890 2236 952 2302 sub
972 2243 1153 2306 meretricis
1172 2239 1252 2326 sperit
1266 2233 1288 2296 lt·

188 2404 194 2414 ,
298 2329 399 2423 fallit,
432 2357 468 2408 ιιι
495 2363 604 2408 secum
632 2363 701 2408 rom
723 2341 872 2418 haberet;
904 2357 938 2408 at
963 2345 1032 2432 roti
1052 2369 1186 2436 compos
1202 2335 1288 2412 tarot

297 2471 436 2538 poenam
457 2451 558 2535 stupri
579 2449 797 2536 eflugiendam
810 2469 893 2514 xcum
914 2450 992 2516 lecit
1011 2457 1196 2532 certiorem,
1220 2448 1247 2513 ab
1261 2441 1289 2507 ill

297 2579 334 2621 sc
360 2575 436 2620 esse
462 2555 648 2638 gravidam,
678 2577 743 2642 qua
763 2577 800 2620 re
825 2569 989 2644 compertu
1008 2555 1092 2622 ludu
1108 2563 1193 2626 'dixit
1207 2556 1238 2640 (ι.
1251 2549 1289 2632 illi

296 2663 358 2727 llla
379 2683 432 2726 me
452 2662 569 2734 iustior
588 2673 655 2736 est3
674 2661 777 2728 lilium
797 2665 884 2728 euim
903 2661 1110 2746 meumsela
1132 2687 1193 2732 uon
1210 2671 1289 2726 cruet

293 2765 412 2832 locavi.
454 2765 483 2830 E
514 2763 677 2832 Thamara
704 2770 840 2856 denique
865 2781 1041 2834 nascuntur
1067 2771 1211 2856 gemelli,
1233 2764 1287 2830 luti

296 2886 329 2938 et
349 2872 474 2950 Serah,
497 2875 582 2938 unde
606 2873 801 2964 colligimus,
826 2867 1010 2942 Eloiustoni
1030 2877 1086 2942 vel
1107 2882 1208 2965 ipsum
1222 2872 1288 2939 titur

295 2979 381 3043 Ruth
402 2979 456 3044 vel
475 2981 678 3046 traditionem
699 2981 815 3048 saltem
835 2983 882 3048 ibi
908 2979 1024 3068 (Rutlr.
1041 2991 1081 3061 4,
1106 2983 1236 3066 18-11)
1250 2993 1289 3039 ru

292 3097 396 3150 ratam
415 3083 569 3150 habuisse
588 3091 767 3173 cognitam,
801 3092 841 3154 de
861 3087 989 3156 Doride
1012 3103 1033 3154 a
1050 3087 1174 3156 Parem
1196 3079 1289 3152 oriundi

246 3271 255 3282 .
293 3203 325 3255 ct
345 3195 459 3278 cupitis
480 3196 583 3257 rostri
604 3193 747 3278 raythum
768 3199 955 3279 tradidisse,
985 3191 1289 3278 autoramento

290 3299 342 3380 gis
361 3317 530 3384 proavum,
552 3299 748 3400 celebraret,
772 3305 857 3390 quod
877 3323 954 3372 cum
967 3305 1093 3385 lavore,
1117 3325 1177 3392 quo
1196 3293 1288 3364 utorio

289 3401 373 3466 aliur
391 3402 503 3468 ludam
522 3410 727 3494 prosequitur
755 3409 806 3493 (5.
835 3413 916 3489 3⁷),
947 3409 1030 3476 bene
1056 3410 1216 3476 cohaeret.
1238 3389 1287 3462 rrlt

289 3509 385 3573 modo
409 3513 495 3576 enim
512 3510 612 3578 Iudae
632 3515 759 3580 lacinus
781 3527 943 3602 tamquam
960 3520 1119 3583 incestum
1139 3518 1270 3600 vituperat

740 3685 773 3758 ⁰.
827 3693 888 3761 to.
958 3722 959 3725 ¹

283 3799 463 3906 Iosephus,
500 3817 664 3903 Aegypta
690 3707 804 3885 uoltu
831 3839 965 3900 servae,
989 3820 1119 3899 favore
1140 3818 1287 3892 doccatur

558 3923 659 3990 derue
686 3927 872 3992 calumnior
885 3935 1057 4014 privatur.

729 4066 817 4120 Statio
843 4071 886 4124 tt.

368 4157 488 4229 Genet-
510 4161 677 4248 XXXIX,
708 4173 836 4235 1-23.
870 4171 983 4238 brubu-
1025 4166 1163 4237 Nomina
1185 4157 1237 4228 Dei
1256 4149 1286 4214 11

197 4325 201 4334 .
279 4261 359 4328 ιιί1ι11
386 4267 495 4335 valent
522 4275 563 4338 ad
585 4265 748 4341 auctorem
769 4277 1046 4364 cognoscendum:
1078 4277 1206 4365 legimur
1226 4259 1283 4328 ,nm
