2740 4916
37 332 71 430 9.
89 325 154 391 37.
188 319 243 387 De
267 317 386 388 Gener
407 317 818 439 XXXVIl-XLVIII
802 343 838 390 tn
859 328 1056 391 aamercort.
1078 329 1119 391 87
1203 403 1206 414 y

431 555 441 586 .-
519 495 666 620 tu

36 649 97 715 De
121 649 274 718 distorta
291 647 434 737 Ioteptt
456 647 576 719 Gener.
600 651 971 719 XXXVII—XLVIII
986 613 1117 720 trudito
1182 639 1185 644 ’

431 764 490 823 tn
519 763 750 824 attte‘ecrtunt.¹

129 917 256 985 Trium
285 915 414 983 illorum
436 939 517 1007 quor
547 913 646 1004 saepe
674 916 877 982 laudavimus
905 876 1113 1005 interpretum

38 1029 77 1090 in
96 1027 295 1110 fragmentis
318 1047 399 1112 quae
429 1021 684 1114 &compilatore
704 1023 897 1088 adhibentur
919 1027 959 1089 ad
980 1022 1113 1110 Iosephi

44 1133 220 1196 historiam
247 1129 442 1195 narrandam
470 1131 680 1194 diiudicandis
708 1127 866 1201 sententia
887 1134 993 1194 minus
1017 1153 1139 1217 quant·

48 1259 188 1324 usquam
210 1250 306 1304 antea
326 1235 420 1300 nobis
444 1236 572 1300 arridet.
616 1235 757 1302 Asunuo
780 1239 867 1301 euim
888 1249 920 1302 et
931 1237 1111 1301 Ercnnoart

46 1357 176 1408 tuntum
195 1363 262 1408 non
285 1339 415 1425 omnino
438 1344 630 1428 desperasse
656 1343 805 1407 videntur
833 1344 874 1407 de
902 1345 1028 1428 origine
1049 1341 1111 1406 ho·
1163 1363 1171 1382 ⁸

42 1473 123 1516 rum
141 1451 394 1538 fragmentorum
417 1449 620 1534 indaganda,
644 1471 716 1514 cum
740 1461 807 1512 tarn
828 1446 940 1526 multa,
969 1448 1026 1513 uhi
1042 1451 1110 1512 sin-

48 1555 138 1641 gula
160 1577 229 1620 sese
244 1559 426 1641 excipiunt,
448 1555 697 1622 attenta-atam
716 1558 855 1629 auotori3
877 1553 1017 1620 Asuero
1038 1575 1109 1640 cap.

56 1666 103 1729 3⁷
123 1673 220 1726 totum
240 1660 279 1726 ab
303 1661 472 1740 Elehista,
506 1683 576 1749 cap.
597 1669 712 1746 sade
740 1673 808 1726 tota
829 1683 849 1724 a
867 1659 1033 1726 leherista
1054 1683 1125 1725 re-=
1151 1646 1155 1653 ¹

52 1771 136 1858 petit
146 1780 178 1832 et
187 1767 363 1834 Ercmtonn
383 1790 455 1833 curn
477 1787 516 1833 eo
537 1773 713 1844 consentit3
737 1770 851 1834 deinde
865 1767 1004 1833 Asrnuo
1025 1791 1107 1855 quae

49 1877 222 1960 supersint
252 1877 362 1938 omnia
395 1895 466 1960 cap.
487 1879 629 1939 40-48
656 1874 824 1940 Elohistae
843 1873 969 1954 tribuit,
1000 1875 1108 1939 Eron-

47 2003 140 2046 uoan
162 2001 240 2046 vero
265 1978 381 2044 saltem
405 1981 445 2046 de
477 2003 548 2066 cap.
568 1985 733 2059 40-47,
754 1985 796 2046 27
818 1979 974 2045 caleulum
995 1984 1027 2044 ei
1048 1982 1107 2045 ed·

49 2089 111 2166 dit,
140 2107 209 2174 cap.
229 2089 284 2166 47,
307 2089 430 2151 tae-‘31
456 2084 639 2152 leheristae
658 2091 741 2151 tradi
761 2087 867 2164 iubet,
900 2088 940 2152 de
961 2109 1029 2174 cap.
1050 2093 1105 2165 48,

47 2201 152 2260 1-22
183 2205 290 2258 autem
320 2191 436 2257 dubius
464 2193 593 2269 haeret,
626 2205 732 2257 utrum
750 2193 919 2258 Elehistae
940 2212 983 2257 an
1009 2194 1105 2257 tertio

39 2303 174 2367 cuidem
204 2301 328 2388 auctori
348 2297 561 2364 alehovista
584 2312 616 2364 et
630 2298 784 2380 Elohista
804 2301 931 2363 diverso
953 2303 1017 2362 sint
1037 2311 1103 2362 tra-

39 2407 161 2474 denda.
187 2382 310 2470 luens
327 2407 464 2491 denique
482 2407 625 2469 omnium
648 2406 763 2471 horum
784 2408 922 2492 capitum
945 2415 1103 2483 commata

24 2507 109 2580 fere
134 2514 244 2578 omnia
267 2501 398 2595 singula
424 2493 574 2576 discindit
602 2524 696 2595 atqua
717 2516 801 2576 inter
828 2514 909 2576 duos
936 2510 1101 2574 Elohistas
1184 2524 1186 2533 '

37 2643 120 2686 suos
142 2619 273 2696 dividit,
301 2629 425 2681 tantum
444 2637 513 2704 cap.
532 2622 591 2697 38,
616 2623 686 2680 1:-
695 2624 736 2682 30
757 2597 940 2682 lehovistae
959 2617 1101 2696 tradens,

37 2749 124 2816 quae
147 2725 258 2789 omnia
276 2723 461 2789 describere
480 2721 614 2810 longum
640 2737 699 2788 est.
738 2723 976 2801 Quaecumsic
992 2723 1103 2786 seha-
1152 2754 1156 2762 ·

33 2835 167 2912 herent,
190 2833 225 2895 in
247 2827 476 2896 commentario
499 2853 572 2894 rneo
595 2833 766 2896 exarando
782 2829 879 2895 facile
899 2833 978 2909 vidi,
992 2828 1101 2918 'aliam

32 2941 176 3028 proesius
202 2938 289 3002 viam
321 2937 400 3004 mihi
429 2959 503 3004 esse
524 2939 784 3024 ingrediendam,
817 2940 1006 3022 praesertim
1028 2957 1100 3000 eum

34 3069 110 3114 non
125 3055 250 3110 tenmm
273 3045 411 3122 criterio,
434 3065 497 3130 quo
517 3047 578 3109 vi'ri
597 3043 645 3108 illi
664 3046 841 3109 doctissimi
863 3045 1003 3106 maxime
1023 3039 1101 3106 con·'

31 3147 203 3228 fidebant,
238 3150 278 3214 de
315 3153 472 3215 varietate
509 3155 677 3216 nominum
713 3164 793 3218 nite*
832 3161 865 3213 et
907 3151 1010 3218 eruin
1046 3147 1100 3212 hic
1163 3137 1168 3148 ’

30 3277 177 3347 prorsus
198 3257 462 3336 destitueremur,
497 3259 555 3321 sed
575 3277 653 3322 cum
668 3256 856 3342 compilator
878 3259 975 3320 etiam
994 3254 1100 3338 magis

31 3366 211 3455 stragisque
240 3353 364 3434 textum
394 3354 560 3428 auctorum
592 3382 724 3427 suorum
759 3365 923 3447 geminum
952 3372 1103 3440 mutaret,
1175 3432 1179 3439 .

32 3472 213 3538 dictionem
241 3467 430 3534 lehovi'stao·
454 3467 640 3553 tautologiis
663 3467 831 3532 Elohistae
863 3467 1023 3534 similibus
1046 3485 1100 3532 er·

32 3588 149 3654 naret,
179 3573 310 3659 singula
336 3576 472 3661 denique
502 3576 651 3653 adderet,
682 3574 798 3660 quibus
815 3577 1021 3642 traditionum
1041 3594 1100 3639 va·

31 3689 185 3750 rietatem
207 3691 360 3766 quantum
379 3679 451 3746 fieri
471 3693 583 3766 posset
603 3694 755 3766 aequaret
775 3681 837 3766 (cf.
855 3704 954 3769 supra
982 3685 1011 3760 9.
1032 3685 1098 3763 28).

35 3787 143 3854 Unice
164 3787 234 3852 fere
256 3785 506 3870 confugiendum
534 3799 602 3850 erat
631 3788 673 3850 ad
700 3786 842 3853 indolem
870 3793 1099 3852 narrationem

34 3893 104 3958 ribi
125 3903 346 3969 constantem,
381 3912 461 3976 quas
490 3891 575 3958 duae
600 3895 634 3956 in
653 3892 789 3958 historia
811 3893 962 3980 losephi,
993 3890 1098 3979 qualis

33 4021 56 4064 a
79 3995 291 4084 compilatore
312 3998 429 4060 tradita
453 4011 524 4076 est,
554 3997 824 4084 comprehendere
848 3999 927 4063 mihi
952 3997 1098 4077 videbar,

33 4106 78 4170 ad
102 4103 292 4190 duplicent
279 4123 413 4188 inquam
434 4107 578 4169 eiusdem
595 4095 750 4168 historiae
767 4105 990 4183 traditionem,
1011 4124 1098 4167 eam·

33 4233 101 4298 qne
114 4205 226 4298 paullo
240 4205 482 4276 luculentiorem
497 4223 591 4298 atque
606 4209 770 4297 explicatu
785 4208 980 4288 faciliorem,
1001 4229 1117 4298 quates
