2718 4914
125 320 134 334 ’
242 362 887 454 sas.oeaet.r⁷rrr11,aeto.
1060 373 1103 440 or
1184 344 1190 360 '

18 541 135 634 -ιζξιη
161 533 230 630 rane
249 534 429 636 uringnpiff,
451 541 497 604 ite
517 548 554 602 nt
571 557 632 602 nos
654 537 781 621 quidem
801 534 895 604 nobis
911 539 1106 622 persuadere

21 629 97 711 noh
119 645 314 730 possimus,
347 656 521 736 utrumque
538 643 623 707 hunc
642 642 749 708 locum
771 642 812 707 ab
838 646 951 714 eodem
973 658 1104 711 auctore

23 750 220 834 originario
257 769 333 813 esse
360 747 548 835 profectum.
608 748 754 835 ldeoqno'
781 769 847 812 non
874 749 1101 822 dubitabamus

25 855 223 922 Midianitis
244 853 307 918 hoc
328 854 487 934 tribuere,
517 866 552 919 ut
571 855 653 942 ipsi,
678 855 762 920 clam
783 854 937 922 fratribus
958 857 1102 946 losephi,
1170 948 1172 952 Ι
1204 943 1206 948 ¹

26 961 122 1026 hunc
147 982 168 1024 e
188 959 286 1026 fovea
308 961 515 1040 extraherent
537 975 569 1028 et
593 963 743 1027 iuvenem
758 962 937 1028 formosum
951 977 1104 1054 tanquam
1195 975 1206 986 ”

31 1069 197 1156 praedam
220 1080 405 1153 exoptatam
429 1089 539 1137 recum
562 1069 715 1134 ducerent
729 1089 880 1149 ,servum3
902 1091 999 1156 quare
1016 1075 1104 1143 infra

37 1195 110 1260 cap.
101 1177 175 1252 .40,
189 1175 232 1236 1⁵
245 1175 329 1260 apud
336 1172 533 1239 lehovrstam
548 1193 614 1258 non
635 1173 711 1236 dicit
722 1171 899 1260 Iosephus:
919 1177 1033 1244 fratres
1050 1201 1104 1254 mo

39 1280 254 1344 vendiderunt
267 1299 395 1343 servum
409 1269 472 1343 huo
487 1279 718 1358 deducendum,
742 1282 799 1345 sed
821 1293 918 1376 γ’,ιιιιι
933 1299 1031 1379 „3333
1048 1296 1106 1380 ,ιζ

38 1397 169 1452 brunsh
189 1384 275 1448 furto
294 1397 405 1470 raptus
421 1406 506 1450 curn
519 1407 539 1448 e
559 1397 643 1449 terra
656 1381 891 1450 Hebraeorum.
936 1357 992 1453 Sic
1007 1394 1105 1458 etiam
1186 1429 1187 1434 ι

37 1458 142 1556 facile
162 1488 350 1575 intelligitur
372 1490 465 1556 dolor
484 1490 610 1556 Rubeni
632 1493 672 1557 ad
693 1491 823 1557 foveam
842 1494 1006 1560 redeuntis
1026 1519 1105 1584 pue·

41 1617 184 1682 rumque
207 1597 243 1662 ad
263 1608 388 1682 patrem
408 1598 588 1679 reducturi,
623 1619 697 1664 eum
725 1620 803 1664 vero
825 1619 890 1664 non
909 1603 1105 1672 invenientis
1192 1621 1195 1626 '

50 1713 85 1764 et
102 1705 254 1788 putantis,
277 1706 433 1770 inermem
455 1705 563 1770 alera
583 1694 720 1793 quadam
740 1727 815 1784 esse
831 1707 1035 1792 discerptum.
1066 1709 1105 1775 Si

49 1822 155 1872 autem
175 1805 308 1875 Rubeno
336 1815 505 1897 praesente
533 1813 650 1877 fratres
671 1811 847 1899 losephum
868 1813 1102 1895 vendidissent,
1128 1851 1131 1858 ·
1183 1851 1187 1860 ι

45 1915 204 2000 quomodo
224 1920 354 1983 tandem
375 1919 410 1981 in
427 1919 528 1986 fovea
542 1941 616 1982 eum
638 1941 791 2006 quaerere
805 1917 985 2006 potuisseti
1006 1919 1104 2008 Apud
1201 1937 1203 1946 ’

45 2021 245 2102 Elohistam,
268 2025 322 2109 qui
343 2045 410 2090 non
425 2021 595 2090 Bubonem
619 2026 677 2090 sed
696 2024 811 2089 Iudam
833 2026 911 2091 lacit
930 2040 1103 2108 oratorem,

47 2130 161 2193 mirum
179 2150 247 2196 non
268 2143 329 2209 est,
355 2132 438 2216 quod
459 2127 613 2220 Rubenus
634 2129 727 2209 silet,
750 2153 823 2194 cum
844 2129 1002 2219 Iosephus
1024 2156 1103 2200 ven·

44 2235 188 2300 dereturt
225 2235 375 2302 Elohista
403 2237 490 2300 enim
519 2234 600 2300 nihil
625 2239 715 2300 novit
746 2238 787 2302 de
816 2237 953 2303 consilio
975 2238 1103 2307 Rubeni

39 2362 180 2426 puerum
196 2342 237 2408 ad
258 2341 390 2408 fratrem
411 2343 572 2407 reducturi
592 2343 647 2430 (of.
660 2341 911 2408 lehovistam-v.
925 2350 1000 2427 22);
1022 2345 1103 2412 luda

39 2469 121 2512 vero
150 2460 274 2513 tantum
301 2451 369 2513 vim
390 2449 525 2515 fratrum
545 2453 701 2516 iratorum
724 2471 744 2514 a
765 2446 906 2537 Iosepho
927 2451 1104 2538 prohiben-

40 2556 117 2619 dam
137 2557 271 2642 (ΜΗ)
294 2567 326 2620 et
346 2557 447 2621 vitam
468 2558 752 2646 eiusse'ryandam
782 2556 826 2640 (v.
846 2560 900 2643 25)
922 2573 1103 2640 censuerat,

40 2662 208 2727 servitutis
228 2664 299 2748 ipse
316 2672 368 2725 est
389 2681 516 2740 suasor.
558 2645 651 2726 llaec
668 2663 795 2740 omnia,
810 2663 845 2732 in
867 2665 1114 2747 commentariis,

40 2769 165 2832 nostris
187 2767 318 2833 uberius
342 2752 766 2853 explicanda,'monstrant,
789 2771 1005 2836 narrationem
1021 2771 1105 2837 hano

38 2896 58 2937 e
82 2872 210 2940 duabus
230 2873 454 2940 traditionibus
472 2876 693 2961 compositam,
717 2877 747 2940 si
763 2897 860 2940 unam
878 2877 974 2940 nnius
993 2889 1104 2942 aucto·
1186 2902 1188 2921 ι

38 2983 90 3045 ris
121 2982 291 3066 originarii
310 2995 462 3068 putares,
493 2980 660 3067 permultis
682 2980 831 3049 laborare
851 2980 1104 3063 difficultatibus,

37 3085 191 3172 singulas
221 3109 299 3152 varo
328 3109 349 3150 a
371 3088 564 3154 seinvicem
594 3102 736 3154 secretas
765 3092 846 3154 satis
879 3088 943 3154 sibi
972 3101 1104 3154 consta-

37 3217 90 3258 re.
136 3190 314 3282 Utrumque
337 3193 400 3260 hoc
431 3197 466 3258 in
489 3192 697 3282 sequentibus
720 3195 897 3284 capitibus,
928 3195 987 3262 ubi
1005 3198 1103 3261 modo

37 3300 124 3372 haee
153 3302 249 3366 modo
280 3300 339 3367 illa
368 3303 498 3368 uaditio
528 3302 752 3381 continuatur,
787 3300 982 3368 luculentius
1008 3305 1104 3368 etiam

37 3405 233 3473 videbimus.

498 3617 532 3717 a.
585 3621 645 3701 oo.

147 3766 284 3835 Iudae
312 3729 402 3837 cum
428 3769 631 3838 Thumorc
660 3737 769 3838 nuru
792 3783 998 3862 stuprum.

494 3933 581 3984 Sentio
607 3936 650 3985 to.
698 3897 700 3901 Ι

129 4031 249 4114 Gener.
269 4047 474 4134 XXXVIII,
490 4058 604 4123 1-30.
629 4055 744 4124 erato.
765 4051 1016 4144 compilatorem
1030 4049 1105 4117 libri

39 4155 93 4218 sni
119 4154 364 4242 chronologiam
394 4158 545 4226 turbasse
573 4173 605 4225 et
638 4159 713 4226 aliis
735 4161 899 4228 nonnullis
919 4160 1000 4225 locis
1026 4181 1104 4223 con·

39 4262 234 4344 traditiose,
263 4283 334 4330 oum
353 4263 414 4332 hoo
433 4265 650 4358 fragmentum
671 4265 724 4335 hic
745 4269 934 4348 collocaret,
963 4268 1001 4330 in
1015 4285 1104 4332 com-

555 4416 559 4423 ·
668 4377 688 4439 7
