2718 4914
273 423 382 500 sore
431 411 886 496 consummo-ms.
1055 426 1118 488 ttt
1169 461 1174 468 -

41 591 115 677 (cf.
135 587 329 671 (demedi,
349 579 421 674 2'2):
443 583 525 652 haec
542 578 680 653 dicebst'
699 581 775 653 Non
790 585 947 669 excelles,
969 593 1045 677 qnia
1062 612 1123 680 pas
1160 605 1161 608 ’

41 703 117 768 tris
152 701 199 763 tui
228 691 335 762 cubile
363 693 596 774 conscendisti,
634 716 698 782 qno
727 694 974 761 conscendendo
1003 681 1123 768 lectum

46 827 170 875 mcum
190 801 350 892 polluisti.
390 793 518 868 Deinde
538 824 570 867 v.
591 805 611 866 5
633 814 666 868 et
686 795 707 866 7
730 802 771 866 de
785 799 940 870 simeone
965 816 998 870 et
1014 806 1123 874 Levio
1158 861 1160 868 s

45 911 219 982 iacobum
242 909 324 974 haec
343 907 422 974 facit
442 909 629 974 dicenteme·
648 908 781 974 Simeon
804 920 837 973 et
850 908 936 976 Levi
948 915 1028 979 ‘veri
1048 926 1126 981 sunt
1147 965 1152 976 „
1218 992 1227 999 ,

52 1001 199 1094 iratres3
227 1015 293 1082 tela
315 1014 513 1082 crudelitatis
532 1025 607 1078 sunt
628 1011 731 1101 gladii
753 1036 874 1082 eorum.
924 1015 1124 1088 Detestanda

61 1141 120 1194 est
136 1115 186 1229 'pre
207 1144 322 1192 eorum
336 1113 414 1186 'tam‘
428 1120 622 1200 vehemens,
645 1132 679 1185 et
689 1117 786 1187 ¹furor
802 1119 931 1206 coium,
944 1188 946 1205 ,
961 1127 1016 1214 qui
1032 1131 1124 1195 acer·

63 1234 222 1300 bissinus
249 1243 309 1296 est.
352 1227 451 1294 Haud
470 1225 609 1292 obscure
625 1225 706 1292 haec
719 1229 892 1314 indigitant
909 1221 1127 1303 narratio'nerd

66 1339 236 1406 Eiohistae
258 1357 329 1425 cop.
349 1341 409 1414 34,
430 1336 471 1399 25
488 1355 555 1420 sqq.
577 1333 617 1398 de
644 1331 796 1397 Simeone
813 1346 847 1398 et
863 1335 987 1420 Levio,
1012 1338 1127 1410 Sicbe·

61 1451 165 1515 mitas
174 1448 315 1510 inermes
327 1439 594 1509 interimentibus.
635 1437 749 1506 Iudam
762 1435 879 1526 porro,
901 1465 995 1530 quem
1008 1443 1129 1537 ubique
1210 1450 1215 1481 ¹

62 1546 105 1622 in
117 1553 253 1618 historia
266 1546 399 1634 losepbi
413 1539 466 1632 (cf.
483 1553 513 1629 ς.
528 1547 583 1630 37)
596 1543 744 1612 Elohista
756 1547 891 1613 bonurn
905 1549 1028 1616 iecerat
1038 1557 1128 1640 prin·

67 1665 196 1751 cipem,
217 1656 269 1723 bic
288 1674 321 1718 v.
336 1651 443 1720 8412
457 1655 592 1719 summis
605 1651 734 1718 extollit
748 1650 920 1734 laudibus,
942 1678 1047 1746 neque
1064 1664 1129 1728 mi·

64 1789 132 1834 nus
145 1762 311 1854 praeclara
330 1761 415 1826 dicet
436 1783 467 1824 v.
480 1759 675 1825 22-2ode
690 1756 821 1845 Iosephi
834 1765 991 1848 posteris,
1011 1767 1130 1852 quibus

62 1861 177 1940 t'austa
198 1886 344 1956 quaeque
371 1879 556 1954 precantem
586 1885 682 1937 avum
701 1865 798 1934 modo
827 1871 922 1954 (cup.
942 1875 1009 1957 48)
1031 1871 1130 1942 uubis

66 1985 317 2044 monstraverat.
578 2054 579 2058 Ἰ

525 2101 612 2152 sectio
635 2101 678 2152 ot.
747 2069 757 2128 '¹
931 2153 933 2159 .

160 2185 283 2256 Gener.
302 2183 439 2267 XLIX,
467 2173 624 2254 28-33.'
652 2189 767 2259 ornis.
820 2191 902 2260 Post
923 2195 1005 2264 haec
1028 2205 1135 2276 verba*

68 2285 451 2384 modo,tradita,'quibus
465 2293 544 2360 filiis
562 2298 631 2360 suis
650 2293 838 2382 singulatim
849 2299 959 2368 fausta
974 2321 1044 2373 erat
1054 2331 1132 2400 pres

70 2417 177 2496 cetus,
191 2402 331 2470 Iacobus
347 2405 388 2468 iis
402 2402 573 2488 inspectavit
587 2405 693 2485 (miti.
703 2401 769 2487 30),
794 2399 835 2468 ut¹
848 2427 884 2470 se
899 2407 1083 2486 defunctum
1095 2415 1132 2491 in
1235 2399 1237 2404 Ι

71 2511 222 2600 sepulcro
237 2509 296 2578 illo
312 2497 494 2596 sepelirent,
511 2506 596 2593 quod
611 2503 816 2574 Abrahamus
831 2533 932 2599 prope
943 2519 1133 2597 Hebronenr

71 2619 205 2698 emerit,
231 2614 328 2684 simul
344 2615 466 2681 addens
481 2619 537 2692 (v.
553 2614 626 2698 31),
645 2612 691 2678 ibi
713 2636 779 2680 uon
797 2621 894 2686 modo
909 2622 1134 2704 Abrahamum

72 2739 170 2790 antea
179 2745 254 2789 esse
263 2719 423 2810 sepultum
437 2731 470 2784 et
479 2717 605 2798 Suram,
622 2717 820 2812 isaacumxet
832 2724 1022 2817 Rebeccam,
1037 2743 1096 2808 sed
1113 2765 1136 2814 a

70 2855 110 2899 se
125 2834 223 2896 etiam
235 2830 350 2894 Lcam.
380 2823 476 2904 Quod
493 2847 566 2891 cum
584 2825 816 2908 attentasset,
830 2839 1018 2923 exspiravit.
1042 2845 1135 2924 Quo.

69 2938 177 3003 modo·
186 2937 362 3000 secundum
377 2934 439 2999 hoc
453 2933 492 2998 de
507 2929 672 3018 sepulture
680 2935 864 3016 mandatum
876 2947 1136 3035 coniungentium

71 3047 119 3109 sit
133 3063 206 3108 cum
220 3044 328 3129 priore
341 3040 412 3119 illo,
433 3038 520 3128 quod
536 3038 685 3104 Elohista
698 3042 813 3108 eodem
834 3062 975 3132 auctore,
996 3079 1066 3146 cap.
1079 3067 1134 3146 47,
1225 3103 1230 3108 -

73 3156 128 3216 29.
148 3151 191 3213 30
207 3146 345 3213 Iacobus
362 3144 504 3232 Iosepho
520 3143 585 3238 soli
600 3146 749 3232 dederat,
770 3152 805 3216 in
822 3167 1058 3230 commentariis
1073 3175 1137 3238 erit
1236 3168 1242 3190 '

72 3257 267 3336 videndum
295 3273 391 3320 nemo
416 3263 614 3329 terrorest,
643 3255 698 3338 qui
719 3275 840 3342 negare
863 3267 987 3347 possit,
1015 3272 1052 3336 in
1072 3273 1137 3344 hoc

74 3361 193 3428 nostro
199 3360 273 3427 loco
287 3362 483 3425 mentionem
499 3356 637 3444 sepulcri
647 3358 825 3430 Abrehurni
837 3367 954 3437 lactem
968 3376 1010 3441 ud
1027 3386 1137 3450 omnia
1168 3401 1170 3406 ·
1297 3434 1300 3444 .

74 3469 137 3535 illa
157 3471 318 3555 respicere
339 3465 413 3531 loca
429 3463 616 3546 Elohistee,
639 3464 696 3532 ubi
710 3467 751 3532 de
771 3471 885 3538 ecdem
907 3498 1005 3570 supra
1027 3506 1136 3556 sermo

77 3587 168 3654 eret,
186 3573 346 3642 locadico
363 3571 550 3648 (tereste,
572 3573 675 3660 isqq.
695 3577 749 3654 25,
771 3582 792 3641 9
810 3601 878 3667 sqq.
902 3589 1030 3672 35‚129‚
1054 3617 1137 3684 qua,

75 3703 133 3749 res
146 3693 305 3764 testatur,
332 3689 478 3743 nostrum
503 3679 601 3742 etiarn
616 3676 723 3744 locum
737 3681 905 3756 Elohistae
933 3693 1053 3766 deberi.
1180 3713 1182 3718 “
1218 3760 1221 3768 ,

537 3869 569 4004 q.
626 3909 684 3984 50.

78 4065 240 4134 Iacobo
260 4063 507 4152 sepulturum
537 4059 717 4151 lorepbi
736 4088 938 4148 senectae
958 4097 1001 4154 et
1019 4109 1137 4168 mort,
1171 4073 1175 4084 Α

169 4207 291 4276 Totum
303 4205 365 4269 hoc
379 4213 474 4290 ceput
487 4205 546 4282 50,
568 4207 659 4274 cuius
676 4212 758 4280 duas
772 4215 825 4281 hic
839 4223 1138 4309 comprehendimu,

78 4318 289 4398 traditiones,
311 4313 451 4382 Asrsnc
473 4308 513 4375 ab
530 4309 677 4378 Elobista
699 4323 801 4404 repeti
821 4325 927 4404 iubet3
958 4329 1139 4401 Brenno„
