2740 4916
174 409 178 419 ·
302 331 331 408 fi.
351 331 404 392 25.
451 323 597 396 Gener,
620 328 756 408 XXIV,
785 335 900 395 1-67,
1088 337 1128 397 55

32 487 101 689 ΓΒ
122 507 244 584 atque.
257 495 429 564 verborum
447 499 559 584 copia,
584 495 700 586 quibus
720 497 870 564 Etouissa
889 487 1029 586 insignis*
1051 523 1126 568 esse
1153 477 1158 486 .

32 628 77 698 Ι(ι

31 701 208 798 degatur,
239 711 302 798 (ef.
325 737 355 778 v.
378 713 519 776 35-48
542 731 615 776 eum
626 711 939 798 Wecedentibus),
962 716 1054 778 cuius
1075 717 1125 780 rei

29 843 103 924 ÷per
134 840 280 886 omnem
306 816 425 885 librum
444 815 612 882 Geneseos
626 816 704 884 ·hoc
731 822 861 884 unicum
885 818 1044 886 habemus
1065 843 1125 886 ex-

28 925 214 1015 emplum.
338 991 342 998 ,

28 1009 30 1026 ¹
140 1031 407 1110 Quaesumus
428 1032 512 1111 sint,
543 1050 609 1102 nen
634 1031 733 1118 pudet
758 1051 820 1113 nos
844 1031 955 1096 fateri:
986 1030 1062 1098 Non
1082 1032 1125 1098 li-

56 1151 158 1230 quet,
173 1139 256 1228 quid
278 1138 319 1202 de
339 1139 465 1222 origine
486 1135 583 1204 huius
606 1138 721 1225 capitis
743 1148 940 1216 statuamus3
972 1143 1125 1225 augurari

58 1258 183 1310 tentum
203 1243 302 1324 licet,
323 1243 453 1331 duplici
479 1245 577 1308 modo
609 1265 681 1314 earn
710 1267 806 1330 quam
834 1266 918 1313 nuno
934 1243 1036 1310 ‚habet
1056 1246 1124 1310 for·

56 1375 147 1418 nram
165 1352 491 1436 induercpotuisso:
524 1350 579 1416 vol
603 1353 667 1430 ita,
695 1361 731 1414 ut
748 1351 939 1439 compilator
959 1352 1123 1437 fragmen·

57 1473 130 1524 turn
152 1457 310 1546 quoddam
335 1452 527 1523 ledovistae
554 1454 737 1520 elaboraret
758 1478 801 1520 ex
819 1477 879 1520 suo
899 1461 1051 1544 ingenio,
1073 1460 1123 1524 id·

62 1587 131 1652 qne
149 1560 370 1650 frequentibus
386 1573 515 1630 ornaret
534 1562 740 1650 tautologiis3
763 1562 817 1630 vel
838 1576 874 1626 ut
893 1565 979 1628 idem
1001 1567 1124 1652 compi-

67 1671 160 1735 lator
178 1669 383 1754 fragmentum
403 1667 580 1734 Etototae
601 1671 636 1736 in
657 1692 696 1735 eo
715 1682 838 1736 tantum
857 1681 1013 1751 mutaret,
1037 1672 1123 1756 quod

72 1777 247 1864 ubicunque
264 1797 325 1862 pro
356 1777 463 1878 uunbrp
482 1775 637 1845 scriberet
663 1785 758 1872 ”¹2³3-
799 1777 925 1846 Harum
948 1779 1124 1841 sententia·

64 1907 137 1950 rum
164 1885 253 1972 prior
278 1884 320 1946 ad
346 1885 416 1951 veri
442 1869 583 1970 speciem
598 1863 744 1974 propius
759 1884 856 1950 nobis
880 1884 1005 1948 videtur
1030 1903 1122 1946 acce·

66 1992 159 2069 dere,
193 1989 388 2075 pracsertim
414 2011 492 2066 „curn
519 1993 710 2075 posterioris
738 1992 821 2055 ratio
851 1989 1028 2076 probabilis
1056 2010 1124 2052 non
1158 2071 1162 2084 .

64 2097 200 2184 liqueat,
233 2115 300 2160 non
318 2116 454 2182 prorsus
477 2094 636 2162 absonum
657 2119 734 2162 vero
759 2099 803 2160 sit
818 2119 962 2174 suruere,
998 2107 1121 2160 textum

63 2204 274 2290 originarium
298 2223 325 2268 a
348 2204 480 2287 serioris
508 2206 662 2290 temporis
685 2205 841 2289 scriptore
867 2205 897 2266 si
924 2225 990 2267 non
1011 2202 1122 2281 rebus,

62 2312 169 2378 tanim
191 2309 302 2374 verbis
323 2327 399 2402 esse
422 2321 567 2386 auctum,
595 2318 665 2375 reru'
686 2322 793 2372 autern
812 2311 942 2377 omniuo
965 2311 1007 2373 ad
1026 2309 1123 2394 liqui·

77 604 133 670 let
161 604 491 696 (ct.s.s,1),nt
519 625 585 671 uon
611 626 714 692 parva
744 626 821 692 pars
850 611 1046 675 narrationis
1072 607 1124 675 bis
1247 685 1249 694 χ

65 2421 134 2483 duru
155 2417 293 2506 perduci
316 2436 417 2502 posse
446 2417 667 2502 desperamus.
710 2415 776 2482 Sed
799 2417 866 2480 ianr
890 2429 1056 2502 superest,
1087 2427 1124 2477 ut
1211 2463 1245 2494 ,,

65 2529 172 2612 paucis
196 2534 419 2608 argumentur
439 2522 534 2588 huius
556 2522 655 2606 ruythi
676 2545 874 2589 enarremus.
917 2522 1124 2588 Abraharuus

62 2653 163 2696 senex
192 2651 323 2724 servum
344 2631 458 2694 domus
478 2651 557 2701 suaa
578 2631 739 2694 sersrorem
757 2630 961 2694 iureiurando
983 2626 1124 2721 obstriu-
1202 2701 1205 2708 y

63 2740 126 2822 git,
161 2748 201 2800 ut
227 2733 341 2800 Isaaco
364 2733 435 2802 filio
458 2757 595 2800 uxorem
618 2753 636 2798 e
657 2733 896 2820 Mesopotamia
917 2745 1079 2811 arcessat,
1102 2755 1121 2795 o

63 2857 157 2928 gente
181 2839 451 2921 Nachoridaruru,
475 2862 578 2926 neque
598 2839 703 2906 filium
725 2864 763 2908 eo
787 2841 892 2906 redire
914 2845 1011 2918 sinat,
1036 2840 1123 2903 unde

63 2948 187 3016 lehova
206 2947 261 3032 (of.
282 2969 376 3034 supra
394 2943 592 3013 lehovistarn
615 2956 743 3036 cap.t2‚
770 2953 881 3036 dsqq.)
901 2926 1124 3012 Abrahamum

61 3057 213 3120 eduxerit
232 3056 267 3118 in
287 3066 426 3136 tetram,
450 3077 546 3142 quatu
558 3059 656 3142 stirpi
677 3059 746 3122 eius
773 3057 815 3119 sit
835 3055 966 3119 daturus
988 3047 1035 3134 (ν’.
1059 3055 1123 3112 1-

60 3168 106 3242 9).
152 3160 277 3224 Servus
307 3165 414 3226 statim
443 3163 607 3248 profectus
635 3165 677 3228 ad
697 3161 810 3226 urbem
829 3159 989 3226 Nachoris
1009 3148 1124 3244 pervo-

62 3271 125 3347 nit,
159 3269 342 3351 sisteusque
365 3267 507 3332 camelos
530 3282 603 3332 ante
623 3283 747 3356 portam
777 3271 819 3333 ad
846 3280 977 3355 putenm
1010 3281 1124 3352 preca-

62 3375 129 3455 t'ur,
170 3386 206 3436 ut
228 3372 349 3438 lehova
381 3373 444 3438 sibi
467 3388 624 3440 monstret
650 3380 810 3462 uirginem
845 3397 904 3462 pro
931 3371 1001 3440 filio
1028 3368 1124 3434 herili
1158 3355 1160 3361 ⁵

61 3481 259 3560 ducendam,
290 3482 393 3564 signis
412 3479 553 3572 additis,
592 3479 707 3575 quidus
738 3493 811 3545 eain
840 3503 1017 3566 agnoscere
1043 3477 1125 3542 velit
1233 3531 1236 3538 .

63 3583 106 3671 (v.
131 3591 301 3666 10-14;.
346 3583 427 3649 curn
445 3587 504 3650 vix
525 3583 623 3650 finem
643 3588 775 3654 fecisset
804 3576 946 3668 dicendi,
977 3585 1125 3650 Rebecca
1243 3613 1245 3617 ’

60 3695 315 3779 appropinquat,
347 3705 424 3756 neta
442 3714 486 3759 ex
504 3690 678 3775 Bethuele‚
710 3693 941 3778 filio-Milcae,
974 3693 1121 3776 coniugis

61 3791 256 3878 Nachoriss
270 3798 379 3864 fratris
397 3799 575 3870 Abrahamr
598 3801 651 3886 (cf.
672 3813 772 3888 supra
792 3825 861 3889 cap·
881 3810 934 3883 22,
956 3799 1121 3886 20=sqq·);

67 3921 195 3970 servus·
213 3911 287 3968 eam
319 3903 477 3992 appellat,
523 3919 618 3994 atque
648 3907 788 3995 benigne
821 3909 863 3976 ab
895 3934 934 3976 ea
967 3918 1123 3991 exceptus
1166 3958 1179 3992 .=
1220 3907 1228 3922 “

66 4013 176 4076 omnia
197 4013 365 4096 cognoscit
386 4014 499 4097 signa,
521 4035 611 4100 quae
634 4037 655 4078 a
670 4014 792 4082 lohova
811 4022 947 4106 petierat
970 4024 1016 4100 (v.
1039 4017 1123 4078 15-

67 4119 135 4200 21),
156 4117 251 4204 quani
265 4118 392 4204 quidem
405 4139 475 4184 rem
490 4119 627 4187 forsitan
641 4124 754 4196 nrirum
764 4137 866 4212 atquo
879 4124 1044 4190 Iehovista
1057 4143 1123 4186 non

68 4216 232 4310 indignum
263 4221 397 4292 dixeris.
424 4223 591 4316 compe
623 4233 834 4318 cognovisset
865 4251 997 4312 servus,
1021 4231 1123 4294 ‘cuius
